2746 4950
753 273 774 336 2

223 441 368 507 memoria
389 461 456 505 cum
478 449 568 503 antea
587 440 658 503 mihi
678 441 837 508 videretur
859 444 947 508 unice
965 459 1148 512 conservata
1170 471 1240 515 esse
1263 454 1312 517 eis

223 567 299 629 quae
317 541 453 607 Isaacius
469 541 606 606 'l'zetzes
630 544 667 606 ad
685 541 898 630 Lycophronis
924 568 1049 611 versum
1070 557 1132 615 448
1152 551 1317 636 ascripsit,

220 645 393 732 Σάτραχος,
417 641 501 717 πόλις
523 645 575 705 καί
588 642 721 725 ποταμὸς
734 646 877 733 Κύπρου.
901 650 979 722 τινές
1001 651 1035 712 δέ
1058 648 1109 713 διὰ
1127 656 1180 714 τοῦ
1193 652 1211 715 ἐ
1232 656 1309 740 γρά-

221 770 315 828 φουσι
329 746 497 832 Σέτραχον,
514 767 638 831 possum
657 769 737 810 nunc
750 748 807 811 hoc
820 770 930 814 nomen
945 751 1063 816 duobus
1077 724 1142 817 aliis
1157 757 1309 840 exemplis

220 849 411 912 confirmare.
441 849 552 935 etenim
566 846 601 912 N
602 870 701 912 onnus
720 857 771 929 13,
788 857 850 915 458
868 872 912 914 ss.
936 850 1033 937 Paphi
1046 854 1162 920 incolas
1178 878 1309 921 comme-

221 961 330 1026 morat,
359 945 444 1032 Ἧιχι
464 948 688 1032 θαλασσιμόνου
708 953 838 1031 Παφίας
858 952 1009 1033 νυμφήιον
1026 953 1126 1043 ὕδωρ,
1148 956 1310 1044 Σάτραχος

221 1050 360 1137 ἱμερόεις,
371 1048 425 1112 ὅθι
438 1050 581 1124 πολλάκις
589 1049 680 1130 οἶδμα
694 1055 828 1133 λαβοῦσα
835 1052 958 1139 Κύπρις
966 1054 1163 1138 ἆντχλαίνωσε
1173 1059 1311 1139 λιλουμέ-
1365 1060 1370 1075 ’

220 1178 273 1216 νον
287 1154 353 1215 υἱέα
360 1151 507 1237 Μύρρης.
529 1150 688 1216 Friclerico
698 1150 819 1217 Graefio
835 1155 1142 1243 ίοίιοιοτΣίιτραχος,
1153 1181 1222 1221 ποια
1236 1173 1309 1224 aute

221 1278 291 1320 eum
306 1254 496 1318 scribebatur
507 1253 700 1339 Σείπραχοςε
717 1266 836 1337 poterat
848 1256 966 1321 minore
979 1259 1145 1323 mutatione
1162 1261 1234 1343 poni
1247 1262 1309 1322 Σέ-

219 1381 340 1444 τραχος.
365 1356 472 1419 deinde
487 1355 519 1418 in
532 1356 733 1441 etymologico
750 1378 859 1442 magno
873 1358 948 1423 haec
962 1360 1161 1424 inveniuntur
1182 1383 1211 1444 p.
1232 1370 1306 1440 117,

173 1490 176 1497 ·
219 1466 333 1536 338⁵„
353 1456 463 1532 Ἀσίας,
484 1454 617 1536 ποταμὸς
636 1462 689 1533 τῆς
709 1456 851 1545 Κύπρου.
880 1459 946 1524 ’Aoi
966 1459 1028 1548 γὰρ
1050 1459 1215 1535 δ”Αδανις
1231 1461 1307 1526 ὠνο-

219 1559 339 1640 μάζετο,
369 1561 421 1620 καί
442 1555 490 1619 ἀπ’
514 1556 608 1620 αὐτοῦ
629 1563 658 1620 οἱ
680 1559 811 1641 Κύπρου
831 1561 1072 1642 βασιλεύσαντες.
1097 1565 1213 1636 Ζωίλος
1233 1565 1267 1625 δέ
1290 1565 1307 1626 ὁ

219 1657 399 1747 Κοδρασιίις
420 1662 473 1722 καί
494 1657 584 1721 αὐτὸν
597 1657 656 1722 ἀπὸ
676 1664 729 1737 τῆς
745 1663 853 1723 ἑαυτοῦ
866 1659 978 1746 μητρὸς
992 1668 1154 1738 κληθῆναι.
1178 1663 1233 1738 τὴν
1243 1662 1304 1746 γὰρ

223 1764 365 1834 Θείαντος
386 1761 499 1847 μητέρα
520 1759 555 1823 οὐ
578 1761 736 1846 Σμύρναν,
761 1760 819 1825 αλλ’
837 1760 940 1825 Ἀσίαν
959 1766 1095 1827 καλοῦσι.
1138 1763 1248 1836 Φιλέας
1269 1763 1303 1825 tt

220 1867 340 1949 πρῶτον
360 1863 484 1944 βασιλέα
502 1861 612 1943 Ἀσίαν,
655 1861 747 1935 Ἠοῦς
766 1860 837 1925 ὄντα
860 1866 912 1926 καί
933 1864 1095 1946 Κεφάλου·
1120 1863 1171 1947 ἀφ’
1194 1861 1230 1927 οὗ
1252 1867 1304 1926 καί

220 1964 292 2051 ὄρος
311 1989 340 2026 τι
360 1963 525 2045 ὠνομάσθη
546 1962 670 2039 Ἁώισν,
694 1965 725 2039 ἐξ
748 1960 783 2028 οὗ
797 1964 824 2047 [ί
840 1970 984 2049 ποταμῶν
998 1967 1183 2052 φερομένων,
1206 1965 1306 2050 Σερα-

216 2090 273 2150 χοα
292 2089 324 2127 τε
338 2069 390 2127 καί
403 2067 535 2139 Πλιέιις,
563 2064 615 2129 τὸν
634 2070 686 2128 ἕνα
699 2065 813 2128 τούτων
825 2067 841 2131 ὁ
854 2068 1036 2155 Παρθένιος
1045 2067 1146 2131 Ἀσίαν
1169 2066 1303 2143 κέκληκε.

218 2165 306 2243 ἢδιὰ
326 2165 360 2230 rel
373 2163 450 2253 πρὸς
470 2166 525 2245 τὴν
545 2166 591 2245 rich
608 2167 809 2253 τετραμμένην
829 2166 975 2252 ἔχειντὴν
987 2167 1087 2254 ῥύσιν,
1112 2166 1305 2248 καθέψησιν

219 2268 451 2355 ὁΠαρίίινιοςς
463 2271 636 2355 Κωρυκίων
658 2268 800 2349 σιύμενος
820 2270 852 2344 ἐξ
870 2268 977 2357 ὀρέων,
999 2267 1184 2333 ἀνατολικῶν
1198 2267 1302 2332 ὄντων.

219 2368 345 2433 δύναται
368 2373 401 2432 δέ
422 2370 500 2435 οὕτω
515 2372 688 2446 καλεῖσθαι,
712 2369 783 2431 καθ’
808 2370 825 2433 ὃ
845 2366 1101 2447 ἡΚιλικίαἈῶα
1121 2369 1216 2434 πάλαι
1230 2369 1306 2433 eico-

218 2470 337 2553 μιίζετο.
375 2474 408 2537 in
429 2475 490 2553 his,
513 2486 548 2539 ut
569 2484 653 2539 certe
676 2473 733 2536 hoc
753 2472 885 2536 strictim
909 2470 1067 2557 attingam,
1090 2472 1205 2558 μητέρα
1227 2475 1306 2556 quod

218 2585 289 2657 post
316 2575 458 2649 Θείαντος
486 2576 601 2660 legitur
628 2575 803 2639 mutandum
830 2595 903 2640 esse
927 2576 1051 2640 videtur
1074 2574 1109 2637 iu
1133 2575 1299 2659 θυγατέρα.

218 2676 327 2741 deiude
339 2677 496 2763 Σιτράχου
512 2678 703 2742 scribendum
719 2697 790 2740 esse
805 2677 1036 2742 existimabam:
1059 2694 1138 2739 nunc
1155 2673 1303 2759 intellego

218 2779 368 2862 triplicem
389 2801 481 2863 posse
508 2781 541 2844 in
566 2802 625 2844 usu
650 2779 747 2843 luisse
774 2779 905 2842 nominis
929 2782 1072 2857 formam,
1099 2787 1131 2841 et
1153 2796 1228 2840 vera
1252 2787 1302 2840 est

219 2880 351 2944 lortasse
372 2883 511 2946 vocabuli
531 2883 694 2967 originatio
715 2903 802 2964 quam
823 2879 1002 2944 Moversius
1029 2881 1083 2964 (tle
1101 2878 1159 2942 rel.
1180 2875 1299 2942 Phoen.

219 3002 249 3064 p.
265 2988 343 3065 229)
366 2985 510 3067 protulit:
535 3006 703 3069 quanquam
725 2983 842 3066 reliqua
864 2983 931 3046 eius
954 2982 1117 3066 disputatio
1133 2980 1167 3043 in
1187 2979 1305 3043 luhrico

221 3094 284 3147 tota
302 3097 457 3149 versatur.
491 3085 689 3151 Parthenium
711 3098 812 3148 autem
834 3085 983 3167 suspicari
1005 3082 1190 3149 licetAoum
1212 3080 1305 3146 simul

219 3206 287 3251 cum
300 3187 440 3252 Alonide
454 3208 707 3252 commemorasse
723 3187 755 3249 in
773 3185 882 3270 elegiis
898 3186 977 3264 suis,
1000 3186 1033 3248 in
1049 3174 1157 3269 quihus
1169 3183 1305 3268 ἱστορίας

219 3290 305 3363 ξένας
327 3292 380 3352 καί
400 3289 559 3379 ἀτρίπτους
579 3290 712 3356 inveniri
726 3287 940 3352 Artemidorus
961 3288 1004 3351 ait
1025 3288 1181 3352 oneirocr.
1196 3294 1231 3363 t,
1248 3290 1302 3350 63.

299 3389 406 3475 ltaque
428 3395 461 3456 in
479 3395 527 3457 his
547 3395 667 3475 quidem
690 3391 806 3456 Catulli
828 3391 970 3454 versibus
995 3410 1071 3472 quae
1091 3389 1163 3453 boni
1181 3386 1304 3451 codices

220 3493 333 3558 hahent
352 3503 419 3556 tuta
437 3506 511 3557 sunt
528 3494 565 3556 ah
581 3495 663 3557 omni
682 3492 861 3556 mutatione.
894 3492 948 3554 sed
971 3492 1124 3576 complura
1138 3498 1307 3575 supersunt

218 3597 251 3659 in
266 3595 485 3680 elegantissimi
504 3606 612 3680 poetae
634 3593 831 3672 carminibus,
853 3593 886 3655 in
901 3593 1010 3677 quibus
1033 3615 1102 3656 cum
1124 3592 1305 3658 satisfacere

218 3699 278 3763 arti
299 3721 361 3763 non
390 3699 489 3784 possit
512 3710 652 3763 veterum
672 3696 890 3782 exemplarium
912 3697 1099 3773 auctoritas,
1128 3692 1307 3758 coniectura

218 3803 443 3884 assequendum
464 3812 580 3866 estant
600 3813 685 3865 certe
698 3799 935 3864 consectandum
953 3797 1031 3881 quod
1046 3797 1160 3861 dictum
1173 3815 1247 3861 esse
1258 3792 1307 3858 vi·

134 3980 140 3994 ⁸
219 3906 328 3968 deatur
343 3924 362 3966 a
376 3901 510 3968 Catullo.
540 3924 668 3987 quornm
682 3922 742 3963 non
762 3902 844 3965 nulla
858 3901 1066 3985 disputaturus
1082 3900 1233 3963 recordor
1242 3893 1305 3976 pri·

217 4028 300 4071 mum
320 4005 515 4091 pulcherrimi
532 4005 617 4070 illius
637 4003 742 4069 Mater
767 4002 901 4081 Catulle,
936 4004 1061 4069 ιίοτίιιοσ
1078 4002 1222 4087 ineptes·
1268 3992 1303 4057 ln

219 4130 278 4190 quo
292 4108 468 4173 dulcissimo
490 4108 622 4171 carmine
638 4108 708 4169 dum
728 4126 762 4169 se
781 4118 906 4171 revocat
923 4116 1013 4190 poete
1026 4122 1045 4166 ο
1057 4102 1170 4168 misero
1183 4114 1302 4171 ΜΝ,

220 4212 281 4273 hon
300 4224 401 4277 tamen
421 4231 539 4275 omnem
562 4230 646 4293 spem
664 4210 862 4293 recuperandi
881 4231 918 4273 ea
931 4228 1008 4292 quae
1020 4207 1178 4293 perierunt
1190 4196 1236 4259 itu
1249 4194 1303 4259 ah-

218 4312 292 4375 iecit
311 4325 347 4377 ut
358 4313 509 4379 abiecisse
527 4311 624 4377 videri
640 4312 719 4385 vult,
742 4332 799 4375 neo
812 4323 872 4375 tam
890 4310 1046 4377 obstinata
1058 4313 1161 4375 mente
1170 4298 1305 4365 obdurat
