2746 4950
127 470 222 534 natm
241 466 339 552 magis
353 464 480 550 simplici
502 461 635 525 dictione
642 476 734 524 *usum
750 474 822 522 esse
837 474 925 538 quam
939 455 971 517 in
985 455 1055 519 aliis
1073 457 1221 522 carmini·

127 571 185 635 bns
206 570 316 635 relicta
338 570 444 632 borum
465 567 761 649 fragmentaapcrte
783 559 959 623 ostendunt.
988 576 1093 640 neque
1115 561 1221 628 dubito

129 671 200 756 quin
214 671 334 756 parcius
356 665 425 733 huic
440 664 581 734 licentiae
596 661 781 728 indulserint
795 654 909 724 Graeci
927 670 1035 743 poetae
1047 682 1143 759 quam
1159 668 1221 749 ple·

128 775 216 858 rique
233 771 351 850 Latini,
375 790 464 855 qnos,
488 780 524 834 ut
542 768 620 832 banc
641 762 882 829 commoditatem
901 761 1040 846 cupidius
1060 775 1221 832 sectaren-

129 887 190 953 tur,
229 874 381 938 sermonis
404 868 536 937 Romani
557 869 658 932 minor
682 867 720 932 ad
748 861 885 928 Graecos
915 883 1029 928 versus
1053 863 1221 935 imitandos

129 976 269 1041 habilitas
293 987 458 1040 et-auctum
472 985 574 1038 muron
593 968 736 1056 paulatim
751 985 945 1030 numerorum
957 967 1137 1051 elegantius
1153 993 1223 1037 con-

130 1079 353 1142 turmandcrnn
366 1077 499 1141 studium
513 1076 597 1138 ultro
609 1068 791 1137 invitabant.
817 1068 865 1132 sin
880 1080 980 1132 autem
995 1090 1045 1142 me
1061 1072 1221 1154 fefellerit,

131 1191 233 1245 tamen
248 1178 275 1242 si
290 1188 433 1243 accurato
446 1177 656 1260 disputavero,
678 1173 769 1257 paulo
780 1170 896 1234 certius
910 1191 996 1254 qnam
1012 1173 1105 1240 bodie
1120 1177 1160 1241 dc
1177 1181 1227 1242 καί

131 1282 298 1365 particulae
321 1278 520 1344 collocatione
541 1274 705 1342 constabit.
741 1272 843 1354 itaque
863 1271 1060 1339 laborandum
1078 1277 1155 1342 milri
1178 1291 1228 1344 est

134 1395 168 1447 ut
179 1384 216 1446 de
232 1382 370 1446 hocloco
384 1392 529 1464 quantum
549 1379 582 1444 in
595 1398 643 1443 mc
659 1373 958 1458 estdiligcntissimc
971 1396 1135 1463 exponam.

217 1485 447 1548 Alexandrinos
468 1493 573 1567 poetas
596 1475 847 1545 commemoravit
871 1497 940 1540 nam
960 1479 1005 1542 illi
1024 1490 1149 1564 poetae,
1176 1488 1229 1570 qui

133 1587 204 1659 rode
216 1585 392 1668 νεωτέρους,
415 1595 450 1647 ut
464 1593 616 1647 vocantur
630 1600 691 1645 non
707 1597 859 1660 nunquam
873 1597 891 1641 a
906 1579 1126 1664 grammaticis,
1148 1597 1229 1652 tem-

133 1700 208 1772 pore
229 1696 476 1763 antecesserunt,
508 1702 655 1748 omncsa
676 1679 865 1765 copulativae
884 1681 1112 1750 coniunctionis
1133 1691 1229 1755 trale-

135 1786 236 1852 ctione
267 1788 455 1851 abstinuisse
479 1787 634 1850 videntur.
672 1782 876 1866 nequeenim
903 1782 962 1846 buc
984 1797 1088 1869 potest
1114 1790 1227 1857 celent

136 1891 294 1955 traiectum
315 1890 389 1954 illud
412 1891 463 1951 ecl
485 1888 534 1965 δή,
559 1887 636 1971 quod
655 1907 722 1950 cum
737 1905 797 1948 una
812 1884 937 1948 notione
952 1890 1228 1973 comprehendatur

135 2005 226 2077 atquc
245 2015 264 2056 a
284 1991 430 2076 simplicis
455 1990 591 2054 adverbii
611 1987 671 2065 ἤδη
695 1985 916 2069 significatione
940 2006 1034 2074 pmpc
1059 1992 1157 2072 absit,
1185 2018 1225 2061 nc

135 2107 239 2180 potest
257 2093 376 2179 pridem
394 2104 480 2156 recte
505 2091 565 2155 diei
585 2110 656 2154 esse
678 2088 850 2152 traiectum.
891 2109 953 2152 non
972 2092 1068 2177 magis
1086 2096 1124 2159 ad
1144 2097 1224 2162 banc

136 2199 345 2280 quaestionem
360 2195 563 2278 pertinetem*
577 2190 650 2276 γάρ,
680 2189 759 2273 quod
774 2189 807 2251 in
820 2188 919 2254 medic
935 2193 1065 2258 credone
1078 2216 1142 2258 non
1154 2198 1220 2260 nisi

137 2298 341 2371 ubilationis,
374 2294 480 2372 nteit,
513 2291 698 2356 Graecitatis
720 2292 918 2375 scriptoribus
945 2295 1112 2359 collocatam
1140 2316 1215 2364 esse

140 2397 323 2466 Schaelerus
344 2397 472 2462 credidit
491 2407 523 2460 et
545 2416 636 2478 saepe
659 2396 748 2472 dixit,
780 2394 874 2458 veluti
896 2418 997 2479 gnon.
1018 2406 1099 2480 poet.
1118 2418 1150 2481 p.
1163 2407 1220 2466 lb.

139 2504 194 2566 sed
216 2501 349 2565 erravit:
375 2522 444 2563 nam
463 2500 568 2564 eodem
590 2499 677 2561 modo
696 2496 923 2579 antiquissimus
947 2508 1034 2581 poeta
1050 2495 1227 2566 Simonides

138 2603 327 2685 Amorginus
348 2603 467 2664 locutus
495 2599 597 2663 estin
624 2598 671 2662 eis
696 2599 838 2662 versibus
866 2598 916 2681 qui
937 2600 1015 2683 apud
1033 2600 1229 2668 Athenaeum

139 2725 170 2788 p.
189 2699 265 2768 659⁶
287 2705 441 2786 leguntur,
472 2699 532 2782 χώς
554 2696 675 2778 ἄφευσα
695 2699 756 2783 χώς
777 2699 917 2780 {pecudia
942 2701 1017 2786 κρέα
1038 2702 1162 2776 Ridete·
1201 2708 1232 2768 τί

140 2808 192 2868 καὶ
218 2804 277 2890 γὰρ
303 2803 339 2866 oti
361 2807 461 2874 καλῶς
488 2802 648 2881 indeceptae
655 2828 667 2879 ;
706 2812 848 2866 accurato
877 2802 1019 2886 congruit
1045 2800 1233 2872 Latinorum

139 2909 264 2982 emulari,
289 2906 367 2989 quod
387 2924 452 2967 cnm
474 2902 615 2966 similiter
635 2924 689 2989 pro
712 2924 780 2968 nno·
795 2914 880 2968 esset
902 2904 1066 2985 vocabulo‚·
1084 2918 1157 2992 post
1170 2909 1234 2974 ini·

140 3010 215 3073 tium
237 3006 393 3073 enunciati
412 3008 641 3072 collocaverunt
659 3006 731 3070 inde
753 3005 790 3070 ab
804 3004 909 3069 Ennio
923 3022 1169 3094 omnes-praeter
1181 3032 1234 3077 co·

141 3111 237 3173 micos
251 3122 360 3191 poetae
377 3111 429 3192 qni
443 3131 480 3175 eo
493 3110 540 3172 usi
556 3120 646 3173 sunt:
664 3108 857 3190 nequeenim
871 3128 976 3172 omncs
989 3111 1038 3174 nsi
1053 3123 1138 3177 sunt.
1161 3134 1234 3179 cnm

142 3223 244 3276 autem
264 3210 430 3276 Simonidis
452 3211 638 3273 mentionem
660 3209 795 3286 fecerim,
819 3209 984 3293 impetrare
1002 3213 1040 3276 ab
1055 3214 1155 3279 ιιιίιιιο
1167 3235 1234 3280 non

142 3335 265 3400 possum
285 3326 319 3379 ut
339 3315 377 3378 de
393 3315 520 3398 quodam
538 3313 606 3377 eius
620 3313 776 3378 versiculo
791 3322 907 3376 taceam
922 3335 1011 3397 quent
1027 3326 1114 3380 certa
1127 3337 1234 3382 emcn-

143 3418 266 3481 datione
286 3417 463 3480 correxisse
483 3416 555 3478 mihi
574 3415 691 3479 videor.
729 3416 762 3478 in
783 3415 891 3479 iambis
919 3418 1000 3481 enim
1020 3419 1073 3501 qui
1096 3428 1168 3483 snut
1190 3419 1232 3484 de

143 3519 322 3582 mulieribus
343 3536 423 3598 nego
436 3517 584 3599 explicari
596 3536 689 3598 posse
700 3536 779 3598 quac
794 3518 833 3580 de
847 3519 976 3584 muliere
994 3540 1037 3584 ex
1051 3520 1138 3586 simia
1151 3521 1234 3586 iacta

145 3620 288 3682 dicuntur
303 3638 334 3680 v.
353 3626 443 3696 758„
464 3613 527 3678 ’Etr'
552 3614 663 3699 suipsius
681 3617 809 3704 βραχεῖα
824 3622 949 3683 κινεῖται
969 3620 1066 3703 μόγις,
1083 3621 1231 3701 ”Amarea

145 3721 326 3793 obrdamloc.
351 3719 434 3782 nullo
453 3720 542 3783 modo
557 3717 729 3794 αὐτόκωλος
746 3722 888 3804 appellari
910 3733 1012 3806 potest
1031 3723 1140 3790 mulier
1152 3740 1235 3805 quae

145 3824 232 3906 qnasi
253 3832 317 3885 tota
334 3840 426 3885 ossen
444 3831 510 3884 este
534 3840 604 3884 nant
625 3825 723 3885 κῶλον
737 3844 798 3885 non
813 3823 964 3903 significat
979 3843 1033 3888 ost
1057 3842 1156 3911 neque
1169 3843 1236 3888 nte-

145 3925 224 3988 liora
245 3932 318 3986 sunt
338 3922 455 4006 reliqua
474 3922 584 4006 quibus
608 3922 666 3985 boc
686 3923 867 3986 vocabulum
894 3925 1049 4011 explicare
1073 3950 1136 3994 non
1154 3926 1231 3991 nulli

146 4027 205 4091 sibi
227 4025 288 4091 visi
305 4036 388 4094 stlttl.
418 4026 544 4110 scripsit
562 4024 747 4102 Simonidem
773 4021 918 4108 Ἆπυγος,
941 4026 1097 4106 αὔὸκωλος
1116 4027 1233 4115 pariter

147 4140 238 4210 atque
260 4127 356 4191 cedda
367 4148 463 4193 mm
478 4124 609 4192 Ovidius
624 4126 702 4191 dixit
723 4147 752 4191 a.
769 4148 799 4192 a.
817 4135 848 4208 3,
864 4137 939 4197 272.
964 4146 1121 4219 practerea
1137 4148 1170 4192 v.
1188 4134 1233 4196 2⁷

147 4230 279 4293 nondum
300 4230 393 4295 credo
405 4231 526 4296 dixisse
540 4225 725 4294 Simonidem
738 4233 817 4315 qnod
838 4233 975 4318 pluribus
989 4242 1088 4323 nupct‘
1104 4230 1231 4317 placuit,

149 4330 216 4407 dliv
236 4328 267 4391 δ’
289 4331 324 4393 ἐκ
343 4332 514 4411 mosne,
543 4329 635 4408 Μ’
659 4332 691 4395 ἐν
712 4337 821 4419 φρεσὶν
841 4336 914 4399 voci.
952 4334 1127 4406 caecenitn
1145 4345 1236 4400 esset
