2746 4950
721 171 763 236 12

202 353 291 440 quale
313 348 358 415 N.
381 344 504 412 lleinsii
521 345 682 408 inventum
705 354 768 422 est,
806 344 932 426 Quaene
950 345 1047 406 etrum
1069 353 1221 410 reum:
1244 368 1305 413 nan

202 476 321 544 quaene
338 453 372 516 in
391 444 632 530 interrogatione
654 445 754 508 locum
775 444 867 509 babet
884 446 1059 528 diciturque
1081 467 1165 510 curn
1180 451 1305 532 quadan

202 557 384 622 attractione
406 572 461 637 pro
482 571 519 613 eo
541 548 621 632 quod
641 558 691 612 est
712 569 901 633 coaequae,
932 559 1024 630 atque
1043 547 1104 612 bac
1125 551 1262 618 ratione
1279 567 1305 619 et

201 658 331 725 Plautus
343 653 572 735 Terentinsque
587 673 647 713 666
666 670 818 733 nunquam
834 650 877 713 ita
889 651 984 714 locuti
1001 662 1081 714 suut
1099 661 1142 715 et
1161 649 1303 721 Catullus

202 762 496 835 66661.61,18666.
521 753 755 838 (ρ.18,766.),
778 752 835 814 An
850 755 956 838 patrib
976 753 1145 816 auriliana
1169 778 1302 842 sperem,

201 883 329 950 quemne
353 862 423 943 1666
448 857 566 943 reliqui
585 855 771 943 Respersunr
793 857 931 918 iuvenem
946 852 1110 937 fratema
1132 862 1244 924 caede
1262 887 1303 928 se·

201 968 299 1029 cute?
323 960 475 1044 Coniugis
493 981 534 1021 aa
546 957 619 1041 fido
641 957 784 1019 consoler
805 965 1051 1031 mmeramme,
1081 958 1201 1039 Qum
1212 965 1305 1050 figit

201 1068 301 1131 lentos
327 1067 497 1127 mauranus
515 1060 651 1143 gurgite
671 1061 798 1122 remor?
829 1057 960 1140 denique
984 1078 1117 1122 versum
1149 1068 1306 1147 pes-vertit

200 1166 358 1232 recentior
370 1162 547 1227 coniectura
573 1159 672 1240 Quae,
694 1180 764 1234 vce,
787 1160 880 1221 661666
901 1170 1020 1234 nostru,
1043 1183 1143 1244 qnam
1158 1168 1222 1250 qui
1241 1191 1304 1254 pre

200 1268 272 1334 tulit
285 1289 347 1332 non
362 1263 509 1349 rogitavit
520 1262 554 1325 in
569 1283 627 1325 cce
646 1261 861 1324 interiectione
875 1260 1034 1325 elisionem
1058 1265 1193 1332 admitti
1214 1293 1306 1356 pesse

200 1372 289 1457 plane
304 1370 430 1434 661166.
455 1366 557 1445 itaque
570 1363 618 1423 bis
632 1374 665 1425 et
678 1363 828 1425 similibus
844 1364 1021 1427 6666666116
1035 1385 1099 1428 666
1115 1375 1308 1440 emendatur

200 1492 336 1546 carmen,
362 1469 417 1530 sed
430 1485 485 1547 pro
498 1462 637 1524 futilibus
652 1462 883 1525 substituuntur
894 1466 1005 1528 iutilia.
1035 1476 1069 1529 et
1080 1478 1198 1537 tamen
1211 1498 1307 1563 prope

199 1572 343 1634 afuerunt
368 1589 387 1632 a
407 1565 538 1628 veritate
561 1563 668 1646 quiin
695 1565 857 1646 postremis
876 1567 1031 1630 mendosis
1056 1568 1182 1640 litteris
1209 1591 1249 1644 et
1275 1584 1308 1647 id

199 1673 297 1735 latere
315 1671 378 1733 etii
393 1678 556 1750 putarunt:
580 1687 649 1728 nam
669 1667 763 1729 eoum
784 1687 881 1749 paene
899 1668 1097 1751 requirimus.
1129 1681 1223 1760 quod
1237 1705 1303 1748 0111„

200 1772 395 1836 obscuratum
410 1780 496 1834 esset
508 1767 736 1852 depravatione,
752 1768 785 1831 in
799 1781 920 1833 ceteras
935 1792 1054 1854 qnoque
1067 1774 1201 1845 litteras
1215 1785 1299 1851 labes

200 1896 256 1939 sua
279 1883 387 1957 sponte
403 1872 488 1935 illata
511 1881 572 1935 est.
609 1881 765 1953 assumpto
779 1870 877 1955 igitur
893 1875 985 1936 etrum
1001 1876 1103 1940 omnia
1121 1878 1189 1946 boc
1210 1890 1304 1953 modo

199 1975 344 2052 restituo,

288 2076 394 2156 Quare
418 2075 513 2135 edam
533 2081 641 2136 nostru
663 2074 757 2136 letzem
777 2076 955 2141 temerabile
964 2080 1079 2164 fiatri
1098 2083 1245 2154 Attulit.

199 2176 381 2241 concinnum
397 2173 471 2237 mihi
482 2172 606 2237 videtur
626 2196 744 2260 quare.-
768 2189 880 2241 namet
900 2179 949 2242 bic
963 2192 1033 2264 apte
1048 2194 1081 2246 et
1092 2185 1300 2275 simpliciter,

198 2279 230 2343 id
251 2289 300 2342 est
318 2299 403 2341 more
419 2273 546 2355 Catulli,
576 2277 733 2342 connectit
752 2279 932 2359 orationem,
955 2293 987 2346 et
1005 2285 1097 2350 simul
1115 2294 1302 2359 revertitur

198 2393 287 2466 poeta
299 2381 337 2445 ad
350 2381 581 2444 antecedentem
603 2381 649 2465 (v.
669 2387 761 2445 1966.
784 2402 815 2464 p.
833 2390 886 2459 62,
905 2383 995 2470 366.)
1019 2389 1213 2456 consimilem
1232 2399 1298 2463 fira-

197 2494 305 2548 ternae
320 2481 429 2546 mortis
440 2481 769 2560 commemorationem,
792 2506 880 2565 quem
899 2487 937 2548 ad
951 2489 1073 2552 modum
1087 2492 1296 2576 digrediendo

198 2597 230 2651 et
251 2585 404 2649 commode
423 2583 626 2666 regrediendo
643 2593 740 2645 totum
761 2605 884 2649 carmen
900 2589 1030 2670 perlicit.
1060 2606 1224 2675 praeterea
1250 2621 1294 2665 ne

197 2688 247 2751 661
262 2686 360 2750 debile
372 2684 515 2749 videatur
537 2705 647 2770 quare,
672 2685 776 2748 codem
790 2688 938 2752 vocabulo
951 2687 1095 2758 Catullus
1108 2697 1295 2780 frequenter

198 2808 273 2851 usus
289 2798 349 2850 est.
365 2786 399 2848 in
410 2796 497 2848 recta
510 2785 649 2849 oratione
661 2785 795 2849 causalis
810 2789 983 2854 coniunctio
997 2792 1197 2881 invenitnrp.
1209 2808 1241 2876 1,
1251 2804 1286 2866 9.
1315 2816 1331 2833 ⁴

197 2896 300 2967 t,10.
330 2895 362 2967 8,
379 2895 411 2953 3.
445 2895 545 2966 12,1.
579 2895 631 2966 18,
650 2895 701 2954 ts.
731 2896 785 2968 20,
802 2898 855 2956 2⁷.
879 2899 933 2970 23,
953 2900 1004 2959 13.
1028 2902 1081 2972 36,
1098 2903 1128 2960 6.
1153 2905 1207 2972 37,
1229 2908 1281 2962 ts.
1321 2893 1325 2898 ⁸

196 2995 251 3065 66,
270 2996 321 3053 16.
354 2995 477 3065 6616.
508 2996 563 3064 66,
581 2996 632 3052 tt.
663 2997 716 3065 66,
733 2999 765 3053 7.
783 2999 835 3055 66.
866 3001 919 3071 67,
940 3003 991 3060 16.
1019 3003 1071 3070 ro,
1084 3002 1139 3056 61.
1171 3001 1225 3070 rs,
1243 2998 1277 3058 6.

196 3097 327 3170 76,13=
351 3099 510 3173 praeterea
532 3089 564 3151 in
583 3089 824 3172 interrogatione
851 3115 881 3177 p.
902 3102 953 3175 13,
971 3106 1004 3163 8.
1025 3103 1077 3173 71,
1102 3100 1157 3173 12,
1185 3105 1282 3180 atque

197 3194 229 3256 in
245 3214 394 3277 suspensa
407 3214 449 3257 ex
461 3191 521 3257 alio
534 3191 673 3257 oratione
694 3187 724 3275 pl
745 3200 799 3270 66,
815 3203 868 3262 21.
893 3206 947 3276 69,
966 3208 1016 3264 15.
1034 3205 1085 3264 ta.
1108 3205 1166 3275 71,
1186 3205 1239 3263 11.

261 3291 324 3358 Sed
336 3297 444 3360 mirum
459 3297 613 3377 plerisque
628 3306 660 3358 et
671 3295 806 3377 putidum
818 3298 973 3365 videbitur
985 3301 1062 3384 quod
1073 3299 1176 3361 addidi
1193 3320 1289 3366 usum

197 3415 268 3460 esse
277 3390 431 3458 Catullum
447 3395 500 3457 illo
514 3395 673 3456 vocabulo.
699 3397 818 3458 scilicet
836 3400 934 3463 addidi
955 3405 1011 3467 boe
1023 3411 1192 3487 propterea
1206 3407 1292 3487 quod

196 3494 359 3563 observavi
378 3517 440 3559 666
454 3496 579 3559 eandem
595 3516 666 3558 esse
682 3496 814 3560 omnium
826 3513 982 3583 poetarum
1002 3507 1036 3569 iu
1052 3504 1292 3570 6166666666-

196 3601 400 3665 suetudinem.
440 3595 609 3662 Lucretius
629 3598 766 3682 quidem,
797 3603 902 3685 quiin
925 3606 1096 3690 deligendis
1125 3607 1291 3674 vocabnbs

196 3724 287 3789 saepe
306 3724 368 3765 666
385 3700 482 3785 magis
498 3721 585 3782 quam
599 3698 741 3766 Catullus
756 3724 774 3765 a
788 3706 961 3785 quotidiano
977 3730 1122 3774 sermone
1136 3711 1292 3791 recessit,

195 3829 257 3873 non
271 3826 341 3870 raro
357 3805 435 3868 dixit
456 3824 566 3890 quare.
601 3803 742 3866 similiter
756 3803 903 3870 Horatius
918 3808 949 3871 in
965 3810 1161 3874 sermonibus
1186 3815 1237 3896 (1,
1253 3821 1289 3889 2,

194 3919 248 3976 77.
272 3916 306 3988 2,
323 3915 356 3985 3,
376 3909 450 3989 176)
473 3927 534 3969 666
549 3903 698 3968 abstinuit
711 3926 729 3967 a
744 3908 858 3970 causali
880 3932 978 3996 quare
998 3912 1030 3976 in
1044 3922 1133 3977 recta
1145 3913 1289 3977 oratione

195 4013 294 4098 posito
312 4032 368 4098 pro
387 4029 425 4073 eo
446 4009 525 4091 quod
545 4018 595 4071 est
610 4018 783 4092 propterea
804 4011 888 4095 (nam
900 4013 1174 4100 interrogationem
1188 4023 1223 4075 et
1235 4012 1288 4077 in·

195 4114 339 4180 directam
354 4132 433 4198 quae
447 4109 559 4175 dicitnr
576 4109 744 4172 orationem
758 4109 880 4177 hicnon
895 4115 1054 4198 respicio),
1077 4113 1228 4182 abstinuit
1249 4115 1285 4179 16

197 4214 348 4302 epistolis,
371 4225 462 4298 atquc
476 4214 507 4279 in
521 4211 705 4278 carminibus
728 4234 827 4299 quere
850 4215 937 4298 plane
953 4235 1102 4300 nusquam
1125 4218 1163 4286 ab
1180 4236 1220 4282 co
1238 4217 1286 4282 di·
