2746 4950
185 453 286 536 γεκαὶ
301 451 373 516 oto.
397 451 446 517 bio
460 449 575 516 dubitat
589 447 913 515 Doederliuus‘utrom
928 452 980 513 nat
998 451 1108 513 πολλοῦ
1124 471 1156 532 pr
1181 449 1281 535 sigui-
1356 428 1365 443 ⁵

187 555 296 620 beetur
310 576 350 619 au
367 556 479 618 πολλοῦ
490 575 524 634 γε
538 553 591 616 καὶ
603 549 693 627 αὐτὸς
708 551 779 616 δέω.
804 562 944 616 neutmm
966 551 1073 636 probo,
1098 552 1152 616 sed
1174 553 1282 618 inteu-

189 656 234 721 dit
245 658 299 720 καί
311 657 500 738 subsequens
512 655 638 718 verbum
653 654 725 718 δέω.
756 676 818 718 uou
834 674 994 738 possumus
1008 654 1065 717 hoe
1077 651 1192 717 Latiuo
1212 675 1282 720 ser-

189 780 279 823 moue
300 768 439 822 accurate
457 757 646 841 exprimere:
677 776 784 821 verum
813 757 861 820 hic
881 767 983 821 umen
1010 766 1060 819 est
1089 752 1283 821 Graecorum

189 860 353 925 verborum
374 859 563 937 intellectus,
586 881 648 924 non
667 859 756 923 iubeo
778 858 867 936 baec,
891 859 950 922 sed
968 857 1060 922 obest
1069 859 1180 944 potius
1202 861 1282 924 mul·

192 971 255 1027 oen
277 971 316 1026 ut
335 963 416 1026 talia
424 961 509 1048 fieri
523 962 654 1026 iubeam
691 960 819 1044 denique
840 960 910 1044 quid
929 959 1066 1023 differret
1078 959 1162 1023 iuter
1179 961 1212 1022 st
1222 960 1283 1049 χρὴ

193 1064 246 1126 nel
259 1063 354 1144 λέγειν
359 1088 371 1140 ,·
396 1073 429 1128 et
447 1064 478 1124 tl
489 1062 547 1149 χρὴ
569 1061 664 1144 λέγειν
670 1087 683 1140 ,-
707 1063 831 1147 egregie
850 1063 990 1127 docuisse
1003 1061 1046 1125 ait
1057 1059 1283 1143 Hermaeum,

193 1174 226 1230 et
239 1167 375 1249 prolecto
391 1164 492 1229 docuit
510 1165 562 1228 ille
581 1164 717 1248 egregie,
742 1166 797 1229 sed
817 1165 895 1248 quod
916 1164 999 1229 addit
1011 1162 1219 1229 Doederliuus
1233 1187 1285 1231 ra·

192 1265 307 1332 tiouem
327 1267 416 1331 huius
437 1287 512 1331 usus
531 1267 608 1331 hauc
629 1286 701 1332 esse
723 1277 759 1331 ut
777 1267 833 1329 καί
857 1268 895 1331 ad
913 1264 972 1352 χρή
993 1267 1176 1344 refermus,
1209 1268 1286 1333 haec

192 1369 366 1434 veronulla
378 1369 502 1434 videtur
516 1388 588 1433 esse
602 1369 693 1433 ratio.
725 1368 880 1433 enimvero
901 1368 950 1432 hie
965 1389 1085 1451 quoque
1103 1369 1157 1430 καί
1173 1368 1214 1432 ad
1236 1391 1288 1436 se·

194 1491 292 1555 quens
307 1473 432 1537 verbum
445 1471 590 1558 pertinet.
613 1493 683 1536 uam
699 1493 766 1536 cum
780 1470 941 1536 verissime
955 1468 1151 1534 llermauuus
1167 1473 1290 1555 praeci·

195 1573 259 1658 piat
273 1574 303 1635 τί
320 1572 379 1659 χρὴ
393 1572 507 1655 tabem·
529 1574 721 1658 interrogare
735 1595 804 1638 eum
820 1573 869 1656 qui
891 1583 1016 1656 quaerat
1036 1572 1104 1654 (prid
1126 1563 1288 1639 dieeudmir

196 1674 251 1753 sit,
272 1674 304 1735 τί
320 1671 378 1760 χρὴ
402 1675 455 1736 καὶ
474 1675 586 1757 ta'ysrm
611 1677 680 1740 e'um
698 1675 749 1759 qui
773 1676 892 1740 dubitet
910 1696 972 1739 uon
993 1685 1109 1737 tautum
1125 1675 1207 1758 quid,
1232 1679 1289 1742 sed

197 1796 268 1840 uum
283 1774 392 1857 aliquid
407 1775 564 1841 dicendum
584 1777 637 1856 sit,
660 1789 786 1863 apparet
797 1778 876 1841 huuc
890 1777 1007 1861 quidem
1021 1776 1123 1840 vereri
1137 1798 1177 1841 ue
1190 1788 1288 1842 totum

197 1877 271 1943 illud
292 1876 393 1942 dicere
414 1899 669 1964 supervacaneum
684 1880 790 1944 sitaut
804 1879 999 1944 frustrabat:
1023 1879 1123 1962 itaque
1145 1891 1288 1964 tauquam

199 1979 310 2064 aliquid
329 1981 420 2064 quod,
445 1981 472 2046 si
491 1983 554 2061 bat,
576 1982 682 2046 inutile
696 1983 927 2047 additamentum
947 1981 1078 2059 adiiciat,
1101 1982 1195 2063 λέγειν
1213 1984 1289 2047 illud

199 2082 336 2147 annectit
353 2084 405 2144 nal
423 2084 582 2167 particula.
620 2096 709 2168 atque
724 2085 798 2147 haec
812 2084 931 2168 quidem
952 2083 1133 2148 refellendae
1147 2083 1287 2149 Doeder-

200 2183 255 2249 liui
279 2183 433 2248 doctrinae
455 2186 593 2249 sufficere
613 2186 775 2250 videnturr
821 2208 890 2250 uam
913 2182 1074 2271 Sophoclis
1094 2206 1213 2251 versum
1240 2206 1284 2250 ex

201 2284 358 2369 Antigona
373 2291 435 2352 766
449 2283 642 2351 Hermauuus
660 2287 833 2371 explicavit.

286 2385 423 2451 Eandem
449 2388 502 2450 uel
528 2388 694 2473 particulae
724 2389 933 2455 traiectiouem
960 2387 1000 2455 G.
1026 2388 1197 2456 Diodorhus
1224 2409 1289 2452 uou

204 2490 340 2556 omuibus
363 2490 480 2572 quidem
504 2487 632 2556 Graecis
654 2492 851 2577 scriptoribus
873 2492 1056 2578 promiscue,
1095 2491 1151 2558 sed
1178 2489 1292 2555 Atticis

204 2591 304 2678 poetis
324 2591 505 2674 impertivit:
528 2593 587 2677 ipsi
607 2595 687 2658 eninr
708 2594 869 2678 ignorasse
888 2594 1041 2659 videntur.
1072 2606 1160 2678 atque
1182 2593 1215 2656 iu
1229 2593 1296 2658 the·

206 2715 298 2759 sauro
320 2693 438 2778 quidem
460 2692 501 2758 ll.
521 2691 666 2780 Stephani
686 2717 704 2760 a
728 2716 762 2760 se
775 2706 864 2759 aucto
877 2694 932 2759 hac
946 2697 1081 2761 vocabuli
1095 2695 1298 2761 collocatione

206 2816 294 2860 usum
308 2816 378 2860 esse
393 2796 464 2861 dicit
478 2796 712 2881 Aristophanem
721 2798 799 2862 Ach.
812 2805 888 2878 886,
904 2798 955 2862 ubi
968 2797 1104 2865 Bneotus
1120 2798 1299 2883 anguillam,

208 2918 295 2984 quam
310 2897 415 2982 cupide
436 2898 548 2984 appetit
562 2897 767 2986 Dicaeopolis,
792 2920 834 2965 ex
848 2899 981 2967 canistro
998 2903 1146 2988 protrahit
1164 2900 1211 2964 his
1226 2920 1301 2965 ver-

208 2999 256 3065 bis
272 3021 337 3064 eam
351 3000 439 3067 simul
454 3023 598 3083 evocant,
621 3004 800 3092 Hpa'ofletpa
813 3001 995 3080 armaleone
1010 3003 1175 3084 Κωπᾴδων
1187 3005 1300 3085 nopoiv,

203 3107 342 3184 Ἔκβαθι
355 3105 433 3184 τῷδε
448 3104 645 3190 κάπιχαρίπα
656 3108 699 3186 τῷ
714 3105 799 3187 ξένῳ.
830 3105 879 3169 hie
893 3125 1039 3190 uunquam
1054 3105 1195 3183 indagare
1213 3103 1303 3183 potui

211 3225 267 3269 cur
287 3203 339 3266 sol
357 3204 394 3267 ad
412 3207 489 3288 τῷδε
510 3206 664 3291 pertinere
687 3205 918 3271 existimandum
937 3217 1039 3272 esset:
1078 3203 1199 3267 videtur
1218 3199 1304 3264 euim

212 3304 346 3373 Boeotus
367 3308 399 3372 id
415 3309 515 3375 dicere
531 3309 610 3393 quod
630 3329 698 3374 eum
716 3330 835 3391 omues,
858 3311 977 3395 opinor,
999 3309 1182 3394 interpretes
1198 3304 1304 3367 dicere

213 3421 407 3495 putaverunt,
444 3408 558 3492 ἔκβαθι
583 3409 782 3498 κάπιχαρίπα
799 3415 880 3494 τῷδε
897 3417 942 3495 τῷ
966 3410 1051 3493 ξένῳ.
1091 3408 1197 3473 deiude
1224 3405 1306 3500 apud

214 3511 342 3574 eundem
357 3511 592 3592 Aristophanem
613 3511 684 3572 nub.
702 3520 765 3576 7⁴4
789 3511 935 3578 Socrates
951 3510 1156 3596 Str-epsiadem
1178 3519 1210 3571 ut
1225 3517 1308 3570 stre·

216 3630 276 3678 uue
292 3609 517 3697 philosophetur
531 3610 576 3675 sic
591 3610 744 3692 admouet,
762 3609 824 3696 ”Ep’
840 3611 972 3702 ἀτρέμα·
1004 3612 1062 3677 κᾶν
1074 3612 1190 3694 ἀπορῇς
1203 3630 1233 3665 n
1245 3611 1309 3667 τῶν

218 3712 387 3795 νοημάτων,
407 3711 515 3795 bipede
529 3710 660 3776 ἄπελθε·
685 3705 763 3796 κᾷτα
775 3713 830 3792 τὴν
843 3713 963 3796 γνώμην
975 3714 1066 3775 utta
1078 3712 1200 3781 κίνησον
1214 3695 1310 3780 αὖθις

219 3811 294 3878 αὐτὰ
310 3815 363 3877 καὶ
374 3813 576 3902 ζυγώθρισον.
606 3836 713 3880 verum
733 3836 773 3879 ue
785 3815 833 3878 hic
846 3814 964 3895 quidem
979 3807 1052 3871 αὐτὸ
1068 3807 1123 3869 καί
1135 3806 1309 3891 siguificare

221 3926 292 4004 puto
312 3916 366 3977 sel
386 3914 471 3982 αὐτό.
496 3917 653 4000 eleganter
677 3927 710 3980 et
728 3916 860 3978 fortasse
877 3929 951 3974 vere
965 3908 1157 3974 llermaunus
1174 3909 1310 3973 scriben-

222 4021 290 4085 dum
313 4016 442 4082 eouieeit
461 4023 499 4105 τῇ
517 4016 640 4104 γνώμῃε
665 4018 719 4082 sed
735 4012 881 4097 cumipse
897 4013 972 4079 scite
988 4014 1079 4078 addat
1091 4012 1196 4098 tragici
1211 4009 1312 4075 emus·

223 4122 301 4208 piam
325 4120 401 4184 hsec
423 4139 495 4184 esse
513 4118 606 4184 verba
626 4118 735 4195 videri,
759 4116 866 4181 neseio
887 4139 925 4182 au
946 4117 1053 4202 tragici
1066 4114 1214 4182 sermonis
1228 4111 1314 4177 inso-

223 4222 317 4288 lentia
330 4220 385 4299 vla
397 4220 529 4303 γνώμην,
561 4219 639 4305 quod
653 4219 722 4283 libri
738 4219 860 4300 habeut,
885 4220 1028 4286 excusari
1043 4221 1150 4304 possit.
1175 4215 1316 4300 quoniam

225 4325 305 4391 euim
318 4323 374 4401 τὴν
385 4322 505 4406 γνώμην
520 4323 612 4387 κινεῖν
633 4343 693 4388 uua
707 4323 866 4390 meditandi
882 4334 913 4389 et
927 4324 1055 4388 ammom
1070 4318 1246 4387 attendendi
1259 4339 1316 4382 uo·
