2746 4950
603 295 644 361 lb

87 477 205 542 relicto.
235 473 345 558 quibus
364 468 550 536 coniecturis
569 465 811 534 emendationem
828 464 926 530 mollti
947 464 1011 529 siut
1029 464 1167 531 bomlncs

87 579 168 644 docti
188 597 334 644 enarrare
356 574 433 641 nibil
451 572 581 636 attinet:
605 591 673 634 nam
687 569 801 632 frustm
815 566 1005 647 laborarunt,
1028 577 1063 632 nt
1082 578 1168 633 recto

87 681 300 746 bacbmannus
322 676 422 742 omnia
444 696 550 740 eorum
568 681 738 737 commenta
755 668 821 755 pari
843 669 966 734 silentio
979 670 1165 756 praeterierit

87 783 224 867 equidem
245 780 354 850 abbino
375 778 463 842 annis
486 774 692 861 compluribus
712 772 885 857 suspicatus
913 792 982 837 snm
1005 772 1169 858 scripsisse

87 881 242 949 Catullum
265 881 392 946 Siderei
414 881 503 949 veruo
523 901 564 946 ae
583 879 685 943 solum
714 887 746 941 et
769 895 846 958 quae
866 884 1049 958 sequuntur,
1084 875 1170 940 vide·

87 986 237 1069 baturque
251 985 323 1048 mibi
337 984 393 1048 boc
406 982 590 1048 adiectieum
604 1000 676 1045 esse
691 977 905 1064 aptissimum.⁸
917 997 1010 1059 quare
1027 998 1089 1040 non
1108 998 1171 1042 mc·

89 1088 236 1152 diocriter
248 1087 280 1151 in
297 1087 354 1150 bac
369 1085 511 1169 opinione
528 1081 738 1158 confirmabas,
761 1101 830 1144 cum
844 1078 907 1143 vidi
920 1099 1016 1164 paene
1030 1079 1172 1144 similiter

88 1190 240 1254 coniicere
267 1210 335 1254 com
356 1187 457 1254 virum
478 1186 528 1251 cui
554 1185 588 1251 in
616 1196 682 1249 arta
712 1194 819 1248 nostra
845 1181 1008 1267 plurimum
1034 1180 1171 1247 tribuere

87 1292 184 1356 soleo.
221 1292 316 1356 nibilo
337 1301 437 1354 tamen
455 1288 639 1353 minusista
660 1285 836 1351 coniectura
858 1283 982 1348 videtur
997 1304 1060 1348 non
1078 1304 1171 1368 posse

86 1393 218 1475 probari.
243 1414 342 1475 neque
363 1393 444 1457 enim
463 1389 672 1454 attentandum
693 1407 765 1451 esse
779 1385 923 1450 existimo
943 1386 1001 1463 iti,
1023 1383 1172 1454 Catullia-

87 1515 172 1573 uum,
195 1507 230 1558 ut
249 1495 394 1571 vidimus,
416 1490 596 1556 vocabulum
622 1499 653 1553 et
676 1499 711 1552 nt
728 1487 826 1551 oratio
847 1487 1009 1552 cohaereat
1028 1509 1173 1554 necessa·

89 1595 186 1657 rium:
211 1615 280 1657 nam
301 1594 362 1657 nisi
382 1595 430 1658 ibi
447 1603 535 1677 poeta
555 1590 744 1676 scripsisset,
768 1589 968 1673 copulativam
983 1590 1173 1655 coniunctio·

89 1717 158 1760 nem
177 1697 344 1779 posuisset.
390 1696 491 1778 itaqua
517 1705 634 1758 tantum
655 1693 737 1758 circa
759 1692 814 1756 bas
835 1692 955 1756 litteras
982 1691 1031 1756 Hi
1049 1693 1098 1757 dii
1115 1715 1173 1759 oen

87 1797 247 1862 divinando
261 1799 381 1863 versari
402 1798 597 1862 debebimus..
618 1797 652 1860 in
676 1816 802 1880 quarum
817 1806 957 1860 extrema
970 1805 1056 1880 parte
1075 1779 1173 1861 latere

87 1899 160 1963 mibi
190 1901 314 1964 videtur
341 1900 470 1982 genitivi
498 1899 628 1962 alicuius
658 1902 689 1962 ei
708 1899 739 1960 id
761 1909 811 1961 est
830 1900 854 1973 ι’,
886 1897 1174 1980 quemadmodum

88 2021 183 2063 cmm.
205 2008 247 2065 22
278 2002 321 2083 (p.
348 2008 400 2079 12,
418 2005 451 2083 8)
480 2021 533 2083 pro
554 1998 663 2083 plurali
683 2002 776 2063 cocci
795 1999 940 2083 scriptum
968 1999 1068 2061 estin
1086 2000 1173 2064 libris

88 2124 196 2166 nocem
218 2112 271 2165 aut
291 2125 369 2167 noce
396 2112 428 2166 et
453 2101 595 2165 similiter
617 2101 676 2165 alia
701 2101 779 2185 apud
805 2096 960 2166 Catullum
982 2122 1044 2164 non
1064 2122 1172 2186 pauca.

87 2205 293 2286 quaerendum
317 2215 368 2268 est
387 2215 488 2268 autem
507 2203 689 2267 adiectivnm
710 2202 830 2285 aliquod
844 2203 924 2286 quod
941 2202 980 2266 ad
992 2205 1109 2267 caelum
1123 2225 1174 2270 re·

87 2317 136 2370 cte
156 2307 321 2391 pertineat,
345 2307 433 2390 quale
454 2306 530 2370 illud
550 2317 618 2370 erat
638 2306 767 2369 siderei.
792 2325 868 2387 quac
888 2303 1013 2368 comita
1028 2305 1103 2385 sint,
1126 2307 1173 2372 in·

88 2409 213 2472 venisse
234 2408 308 2471 mibi
320 2409 428 2472 videor
441 2418 543 2492 aptum
558 2419 591 2472 et
603 2409 727 2490 antiqua
739 2406 911 2471 litterarum
924 2409 1020 2470 forma
1036 2407 1173 2474 codicum

88 2509 206 2572 mendis
223 2509 298 2572 satis
313 2509 412 2572 simile
426 2509 617 2575 vocabulum.
649 2507 812 2592 scripsisse
835 2508 915 2572 enim
932 2519 1004 2595 puto
1020 2507 1174 2578 Catullum

171 2610 305 2675 Arduct'
325 2611 373 2674 iti
389 2611 478 2674 corio
499 2632 539 2674 aa
559 2611 658 2675 solum
679 2612 713 2674 ιἰι
735 2610 849 2674 lumine
869 2611 963 2675 caeli.

89 2713 230 2778 similiter
250 2712 373 2777 ardum
395 2712 506 2776 aetbor
525 2712 625 2778 dictus
647 2723 697 2777 est
714 2712 754 2777 ab
778 2708 890 2777 Ovidio
909 2725 982 2777 met.
1003 2722 1033 2792 1,
1060 2723 1116 2780 151
1142 2729 1175 2781 et

89 2836 132 2879 ex
142 2813 183 2879 P.
199 2823 234 2892 2,
250 2820 283 2891 8,
300 2821 354 2892 61,
378 2835 434 2877 nec
455 2815 581 2878 multum
607 2815 707 2880 differt
726 2815 809 2879 inter
826 2815 902 2880 baec
915 2827 948 2880 et
967 2816 1070 2880 arduo
1085 2829 1175 2885 catus

87 2915 213 2999 Virgilii
224 2915 307 2977 Aen.
327 2923 380 2992 12,
396 2922 472 2994 892,
495 2937 584 2999 quem
603 2939 660 2980 cur
672 2917 775 3002 potius
791 2938 924 2982 novasse
940 2917 1020 2982 bunc
1034 2920 1174 2986 vocabuli

90 3037 178 3083 usum
200 3017 320 3082 credam
341 3037 430 3100 quam
449 3015 486 3080 ab
503 3018 675 3101 antiquiore
696 3030 784 3103 poeta
804 3020 973 3102 sumpsisse
995 3021 1173 3088 nibilvideo

88 3138 212 3184 causae.
243 3119 375 3203 deniquo
396 3141 466 3184 cnm
481 3119 678 3185 altimdnem,
693 3120 771 3184 caeli
789 3117 930 3186 Catullus
946 3137 1172 3204 commemorat,

88 3221 235 3285 vocabulo
259 3221 357 3286 utitor
377 3222 500 3296 minimo
520 3244 760 3310 supervacaneo,
798 3224 853 3287 sed
874 3224 965 3289 simul
988 3225 1021 3288 in
1043 3227 1189 3292 additam·

89 3323 173 3387 caelo
193 3343 308 3387 comam
323 3322 493 3389 Beronices
508 3325 1086 3408 verhornmmagnificeutiaredundat.

597 3576 654 3648 lll

87 3718 170 3786 'l'res
188 3723 351 3789 emendare
365 3725 470 3790 studui
489 3723 604 3791 caudi
618 3725 804 3806 versiculos,
826 3739 860 3793 ot
870 3729 915 3794 lte
929 3731 1049 3814 quidem
1064 3753 1173 3799 omnes

90 3832 126 3884 ut
140 3825 315 3904 productam
324 3827 462 3893 ¹litteram
482 3828 619 3894 vocalem
640 3848 708 3893 eum
722 3827 811 3893 brevi
828 3851 1013 3897 concurrere
1027 3834 1171 3916 lacerem

91 3921 199 3997 18111,
227 3947 326 4011 qnare
347 3918 452 4005 eobo,
481 3932 656 4009 andnimi,
687 3931 789 3997 minus
810 3933 957 4018 eleganti,
980 3944 1015 4000 ut
1034 3947 1170 4022 apparet,

89 4022 231 4089 elisione.
259 4048 366 4096 vorum
386 4041 487 4095 tamen
508 4033 590 4099 bunc
609 4034 817 4100 insuaviorcm
839 4057 948 4101 sonum
969 4059 1030 4103 non
1050 4040 1175 4104 officere

88 4127 332 4196 coniecturarum
344 4131 549 4218 probabilitati
562 4137 643 4203 facili
655 4137 780 4221 negotio
792 4139 913 4205 ostendi
930 4150 1042 4224 potest.
1066 4140 1097 4203 in
1112 4161 1174 4226 que

88 4229 346 4298 demonstratione
375 4235 466 4301 simul
485 4256 634 4322 exponam
657 4241 775 4324 qualem
798 4241 926 4306 aliorum
953 4252 1111 4326 poetarum
1136 4243 1175 4310 ln
1257 4270 1260 4275 ·

88 4328 144 4395 hoe
171 4354 286 4418 genere
319 4335 458 4407 alitionis
481 4342 733 4411 conanetudinem
758 4343 855 4410 brisso
885 4343 1168 4415 animadverterim
