2746 4950
662 215 684 280 8

131 408 227 474 neque
242 408 351 453 seruus
371 397 419 451 est
436 408 533 473 neque
548 407 625 451 area
648 386 686 451 ad
706 386 834 451 eundem
848 381 974 448 Furium
988 383 1161 467 pertinere.
1186 385 1224 449 in

132 511 191 573 quo
204 488 349 568 carmine,
372 499 408 553 ut
425 489 482 552 boc
499 487 612 552 cursim
633 488 750 566 addam,
775 507 835 551 non
855 496 927 569 puto
941 496 1026 549 recte
1042 485 1224 552 coniecisse

132 586 362 656 Lachmannum
380 590 414 654 in
430 590 586 655 mendosis
602 589 715 655 litteris
728 592 773 654 mi
784 589 881 651 latere
895 589 944 650 uti
955 587 1221 669 coniunctionem,

134 689 266 757 Mollem
286 692 413 757 divitias
433 695 482 756 uti
501 693 640 757 dedisses
660 691 732 768 Isti,
756 712 854 774 neque
877 690 957 754 enim
978 690 1053 753 satis
1074 690 1167 773 plena
1190 703 1226 756 et

134 793 259 877 elegans
280 793 429 859 storacio
447 795 528 859 nudo
550 794 604 858 illo
621 805 653 859 et
671 793 776 858 ieiuno
793 792 965 858 divitiarum
977 791 1136 870 vocabulo,
1163 795 1227 858 sed

134 894 213 980 fugit
224 892 454 961 Lachmannum
468 896 630 961 verissima
642 892 742 960 Isaaci
753 894 862 959 Vossii
877 893 1062 972 emendatio,
1084 891 1227 960 Mollem

136 997 263 1061 debibus
285 996 398 1062 Midae
421 998 560 1062 dedisses
578 999 655 1076 Isti,
679 1000 759 1082 qnod
780 996 934 1083 proverbii
953 997 1020 1060 loco
1041 995 1101 1060 dici
1124 997 1222 1063 solet.

19 1168 22 1183 ¹
136 1098 191 1164 sed
212 1100 343 1182 puellam
361 1100 442 1163 illam
463 1110 592 1163 amamm
609 1111 728 1164 tantum
748 1112 861 1182 quanta
882 1098 1032 1163 amabitur
1053 1100 1138 1164 nulle
1157 1123 1227 1166 non

136 1200 288 1265 diversam
308 1221 379 1265 esse
400 1222 419 1265 a
439 1200 568 1282 Lesbia,
589 1202 736 1268 Lesbiam
755 1213 856 1266 autem
880 1198 1016 1266 Clodiam
1035 1200 1125 1265 istam
1147 1223 1224 1269 esse

136 1301 392 1386 quadrantariam,
415 1304 591 1389 rectiusque
607 1324 695 1389 quam
709 1324 807 1388 nuper
820 1305 932 1368 factum
946 1302 1068 1366 memini
1083 1305 1119 1368 de
1134 1325 1173 1370 ea
1185 1327 1226 1373 re

137 1404 261 1471 soeculo
274 1417 365 1470 sexto
386 1405 502 1468 decimo
517 1407 675 1490 primarios
696 1405 841 1490 quosdam
854 1406 937 1470 viros
950 1405 1115 1484 iudicasse,
1130 1405 1227 1490 liqui·

137 1506 175 1570 do
191 1508 368 1572 confirmare
383 1526 474 1587 posse
488 1505 560 1568 mihi
573 1508 691 1586 videor,
712 1518 747 1570 nt
760 1519 904 1590 appareat
917 1507 1122 1572 imminentem
1136 1510 1226 1593 puel·

137 1609 185 1671 lae
201 1607 303 1671 victus
329 1606 485 1689 penuriam
505 1628 523 1670 a
545 1604 667 1672 Catullo
685 1610 914 1673 commemorari
933 1609 1071 1693 potuisse
1085 1612 1219 1675 nullam:

137 1727 244 1771 verum
264 1707 301 1771 ab
323 1706 378 1772 hac
393 1709 651 1774 demonstratione
672 1731 753 1775 nunc
774 1709 893 1794 quidem
915 1711 1124 1777 abstinendum
1143 1731 1217 1778 esse

139 1809 252 1872 sentio.
291 1809 351 1873 etsi
385 1811 466 1874 enim
499 1833 677 1895 spurcarum
702 1833 806 1877 rerum
833 1812 1102 1897 investigationem
1128 1833 1219 1899 seepe

139 1921 200 1976 tam
218 1932 280 1977 non
303 1933 465 1997 possumus
488 1915 632 1999 defugere
649 1914 836 1998 grammatici
850 1937 938 1998 quam
953 1917 1034 1980 ultro
1056 1937 1122 1981 eam
1133 1937 1225 2002 appe·

139 2023 206 2078 tero
219 2025 308 2098 turpe
321 2024 382 2092 est,
406 2026 508 2079 tamen
526 2037 545 2080 a
560 2016 681 2100 publico
696 2017 857 2100 colloquio,
881 2019 931 2082 cui
946 2019 1021 2082 baec
1036 2019 1152 2098 scribo,
1175 2041 1227 2084 aa»

140 2115 266 2179 cendam
278 2135 349 2178 esse
365 2116 510 2180 existimo
525 2117 734 2200 quaestionem
749 2139 827 2201 quae
849 2119 916 2185 sine
928 2132 1070 2185 accurata
1084 2121 1229 2187 obsceni·

142 2215 214 2279 tatis
235 2217 470 2299 pertractatione
491 2219 594 2302 perfici
616 2219 705 2303 plane
726 2221 842 2303 nequit.
874 2243 972 2305 neque
987 2243 1062 2288 vero
1084 2245 1160 2308 opus
1175 2235 1230 2288 est

142 2328 177 2382 ut
190 2318 304 2382 diutius
326 2319 359 2383 in
381 2319 428 2383 bis
450 2320 542 2384 rebus
559 2342 739 2400 commorer,
762 2344 830 2387 cum
849 2342 905 2406 per
919 2324 1162 2395 semanilestum
1185 2327 1230 2390 sit

141 2419 243 2485 victus
265 2423 548 2488 commemoratione
569 2423 737 2488 dulcissimi
767 2424 909 2489 carminis
936 2437 1130 2490 venustatem
1159 2448 1231 2510 per-

142 2523 224 2587 verti
237 2523 468 2588 incredibiliter.
493 2528 547 2590 sed
558 2547 595 2590 eo
608 2536 708 2591 taumn
721 2525 838 2590 laudem
852 2534 988 2586 meretur
1008 2522 1128 2588 Statius
1148 2532 1230 2607 quod

143 2625 260 2690 rectius
281 2647 370 2710 quam
389 2627 524 2710 plerique
544 2638 605 2691 non
628 2628 745 2712 putavit
764 2645 844 2713 puae
861 2621 920 2686 libi
932 2634 1038 2686 manet
1059 2627 1127 2690 vita
1147 2627 1229 2691 idem

144 2747 216 2792 esse
236 2749 328 2812 posse
350 2739 440 2812 atque
457 2751 535 2815 quem
557 2741 586 2793 te
598 2732 793 2794 monetoita.
815 2746 901 2810 quam
916 2721 1110 2809 opinionem,
1125 2739 1161 2792 nt
1173 2733 1231 2811 p'ar

145 2839 224 2906 erat,
247 2828 420 2912 improbans
435 2829 531 2896 Laur.
550 2828 717 2896 Santenius
732 2830 928 2895 annotatione
942 2827 981 2891 ad
995 2826 1084 2894 Hier.
1099 2827 1229 2896 bulbum

130 2931 232 3015 ·(allg.
256 2932 315 2996 litt.
337 2939 505 2999 anz.1801
531 2956 561 3019 p.
579 2936 677 3021 1816)
704 2943 790 2999 recte
810 2929 1005 3016 significavit,
1026 2931 1125 2995 sicubi
1141 2933 1230 2997 inve·

148 3032 208 3096 niri
220 3033 380 3098 videretur
399 3036 476 3118 apud
499 3037 665 3119 scriptores
679 3035 810 3100 Latinos
833 3032 973 3098 manendi
987 3031 1110 3096 verbum
1127 3052 1165 3096 ea
1177 3051 1225 3096 ra·

149 3136 232 3201 tione
248 3157 307 3219 qua
324 3136 530 3201 accusativum
554 3159 658 3202 casum
671 3137 825 3202 asciscere
846 3138 937 3202 debet
954 3133 1146 3200 coniunctum
1161 3155 1229 3199 cum

149 3239 263 3318 dativo,
286 3249 340 3304 aut
363 3239 482 3304 infirma
508 3240 565 3304 niti
585 3241 721 3306 codicum
746 3241 928 3305 auctoritate
947 3246 1003 3303 aut
1021 3236 1233 3321 explicandum

150 3360 221 3404 esse
241 3343 421 3424 perdurandi
443 3343 608 3408 vocabulo:
640 3353 759 3428 poterat
783 3341 960 3407 remanendi
981 3337 1234 3422 significationem

153 3441 276 3505 addere.
312 3441 413 3523 itaque
429 3439 570 3505 Catullus
586 3465 653 3506 cum
668 3444 844 3506 dicitcarm.
862 3450 917 3521 76,
934 3452 953 3508 5
969 3463 996 3506 s.
1019 3443 1065 3524 (p.
1083 3445 1137 3518 70,
1153 3445 1174 3505 9
1190 3442 1237 3522 s.)

153 3541 260 3609 Multa
275 3552 396 3630 parata
417 3553 544 3607 monent
561 3547 594 3608 in
612 3547 710 3631 longa
732 3553 848 3620 aetate,
876 3542 1013 3620 Catulle,
1036 3540 1094 3606 Eae
1113 3541 1171 3606 boe
1189 3542 1238 3604 ὑι-

152 3657 249 3733 grato
271 3646 395 3733 gaudia
416 3669 521 3711 amore
545 3648 616 3726 tibi,
638 3670 700 3714 non
722 3647 885 3734 siguificat,
908 3645 936 3707 si
952 3655 1095 3708 accurate
1105 3641 1237 3707 mimum

156 3749 354 3828 advertimus,
377 3750 480 3814 lutura
495 3752 605 3833 gaudia
619 3773 696 3835 quae
711 3772 783 3815 sese
797 3747 885 3829 qnasi
901 3752 1081 3824 expectent,
1107 3743 1163 3809 sed
1182 3744 1239 3809 boc

155 3852 235 3932 vult,
257 3864 380 3938 praesto
400 3873 437 3917 ea
459 3872 530 3917 esse
550 3864 582 3917 et
598 3852 764 3938 perdurare
785 3865 975 3930 peromnem
989 3844 1103 3911 vitam:
1127 3846 1238 3929 cogitet

63 3964 67 3972 '
155 3955 251 4038 igitur
268 3965 409 4038 unquam
430 3976 509 4039 qnae
535 3957 594 4021 iam
614 3952 782 4038 possideat.
819 3947 961 4014 similiter
978 3944 1152 4032 virgiliana
1175 3943 1238 4007 ista

158 4057 337 4139 explicanda
361 4068 434 4121 sunt
451 4057 534 4121 Aen.
558 4066 589 4135 b,
604 4062 702 4122 348s.
725 4062 842 4131 cestre,
862 4051 977 4137 eloquit,
997 4068 1126 4116 couneus
1147 4044 1239 4108 vote

162 4155 257 4220 Certa
273 4171 409 4236 manent,
437 4160 544 4243 mered,
574 4166 606 4219 et
619 4155 754 4241 palmam
776 4166 877 4221 mouet
895 4153 1005 4218 ordine
1026 4170 1124 4224 nemo,
1155 4157 1188 4212 et
1205 4152 1239 4223 9,

160 4263 218 4324 301
238 4278 265 4320 s.
302 4261 386 4340 Quae
409 4260 469 4326 tibi
480 4257 633 4346 polliceor
654 4255 764 4325 reduci
783 4258 935 4342 rebusque
960 4253 1114 4328 secunde,
1153 4247 1241 4316 Haec
