<?xml version="1.0" encoding="UTF-8"?>
<!DOCTYPE html PUBLIC "-//W3C//DTD XHTML 1.0 Transitional//EN"
    "http://www.w3.org/TR/xhtml1/DTD/xhtml1-transitional.dtd">
<html xmlns="http://www.w3.org/1999/xhtml" xml:lang="en" lang="en">
 <head>
  <title>
</title>
<meta http-equiv="Content-Type" content="text/html;charset=utf-8" />
  <meta name='ocr-system' content='tesseract 3.04.00' />
  <meta name='ocr-capabilities' content='ocr_page ocr_carea ocr_par ocr_line ocrx_word'/>
</head>
<body>
  <div class='ocr_page' id='page_1' title='image "./mauriciihauptii00haupgoog/mauriciihauptii00haupgoog_0075.png"; bbox 0 0 2746 4950; ppageno 0'>
   <div class='ocr_carea' id='block_1_1' title="bbox 42 484 1222 4435">
    <p class='ocr_par' dir='ltr' id='par_1_1' title="bbox 42 484 1221 1991">
     <span class='ocr_line' id='line_1_1' title="bbox 42 484 1220 575; baseline 0.005 -20"><span class='ocrx_word' id='word_1_1' title='bbox 42 506 45 511; x_wconf 70' lang='grc'>“</span> <span class='ocrx_word' id='word_1_2' title='bbox 135 492 257 570; x_wconf 88' lang='lat' dir='ltr'><strong>habent,</strong></span> <span class='ocrx_word' id='word_1_3' title='bbox 274 491 407 575; x_wconf 77' lang='lat' dir='ltr'><strong>paanbile</strong></span> <span class='ocrx_word' id='word_1_4' title='bbox 421 487 541 556; x_wconf 87' lang='lat' dir='ltr'><strong>seilicet</strong></span> <span class='ocrx_word' id='word_1_5' title='bbox 553 491 663 574; x_wconf 73' lang='lat' dir='ltr'><strong>nobique</strong></span> <span class='ocrx_word' id='word_1_6' title='bbox 677 484 844 557; x_wconf 76' lang='lat' dir='ltr'><strong>inexilium·</strong></span> <span class='ocrx_word' id='word_1_7' title='bbox 859 492 1012 555; x_wconf 83' lang='lat' dir='ltr'><strong>verum-in</strong></span> <span class='ocrx_word' id='word_1_8' title='bbox 1026 487 1220 561; x_wconf 84' lang='lat' dir='ltr'><strong>diiudicanda</strong></span> 
     </span>
     <span class='ocr_line' id='line_1_2' title="bbox 135 588 1218 678; baseline 0.003 -20"><span class='ocrx_word' id='word_1_9' title='bbox 135 590 725 678; x_wconf 79' lang='lat' dir='ltr'><strong>syuizesisnsumultarepuiendosunt‚</strong></span> <span class='ocrx_word' id='word_1_10' title='bbox 736 588 974 673; x_wconf 63' lang='lat' dir='ltr'><strong>senuaeaosae,</strong></span> <span class='ocrx_word' id='word_1_11' title='bbox 990 602 1137 678; x_wconf 84' lang='lat' dir='ltr'><strong>temporo,</strong></span> <span class='ocrx_word' id='word_1_12' title='bbox 1153 620 1218 661; x_wconf 82' lang='lat' dir='ltr'><strong>car-</strong></span> 
     </span>
     <span class='ocr_line' id='line_1_3' title="bbox 132 689 1219 780; baseline 0.005 -22"><span class='ocrx_word' id='word_1_13' title='bbox 132 692 225 759; x_wconf 87' lang='lat' dir='ltr'><strong>minis</strong></span> <span class='ocrx_word' id='word_1_14' title='bbox 240 712 349 780; x_wconf 86' lang='lat' dir='ltr'><strong>genos,</strong></span> <span class='ocrx_word' id='word_1_15' title='bbox 369 694 558 758; x_wconf 85' lang='lat' dir='ltr'><strong>consuetudo</strong></span> <span class='ocrx_word' id='word_1_16' title='bbox 571 700 745 778; x_wconf 59' lang='lat' dir='ltr'><strong>posterulas·</strong></span> <span class='ocrx_word' id='word_1_17' title='bbox 763 704 826 758; x_wconf 87' lang='lat' dir='ltr'><strong>tum</strong></span> <span class='ocrx_word' id='word_1_18' title='bbox 844 695 908 757; x_wconf 80' lang='lat' dir='ltr'><strong>lnoc-</strong></span> <span class='ocrx_word' id='word_1_19' title='bbox 924 692 1085 778; x_wconf 84' lang='lat' dir='ltr'><strong>diligenter</strong></span> <span class='ocrx_word' id='word_1_20' title='bbox 1107 689 1219 763; x_wconf 74' lang='lat' dir='ltr'><strong>cuned-</strong></span> 
     </span>
     <span class='ocr_line' id='line_1_4' title="bbox 134 794 1218 879; baseline 0.004 -18"><span class='ocrx_word' id='word_1_21' title='bbox 134 799 269 876; x_wconf 83' lang='lat' dir='ltr'><strong>dumest,</strong></span> <span class='ocrx_word' id='word_1_22' title='bbox 279 818 318 862; x_wconf 92' lang='lat' dir='ltr'><strong>ne</strong></span> <span class='ocrx_word' id='word_1_23' title='bbox 333 796 442 861; x_wconf 87' lang='lat' dir='ltr'><strong>surdos</strong></span> <span class='ocrx_word' id='word_1_24' title='bbox 455 794 553 859; x_wconf 81' lang='lat' dir='ltr'><strong>foisse</strong></span> <span class='ocrx_word' id='word_1_25' title='bbox 566 796 888 879; x_wconf 71' lang='lat' dir='ltr'><strong>existimemuspoetee</strong></span> <span class='ocrx_word' id='word_1_26' title='bbox 897 794 1034 863; x_wconf 78' lang='lat' dir='ltr'><strong>Graecos</strong></span> <span class='ocrx_word' id='word_1_27' title='bbox 1048 797 1218 865; x_wconf 81' lang='lat' dir='ltr'><strong>eiLatiuos</strong></span> 
     </span>
     <span class='ocr_line' id='line_1_5' title="bbox 134 892 1220 984; baseline 0.003 -21"><span class='ocrx_word' id='word_1_28' title='bbox 134 910 186 963; x_wconf 77' lang='lat' dir='ltr'><strong>aut</strong></span> <span class='ocrx_word' id='word_1_29' title='bbox 198 916 307 963; x_wconf 83' lang='lat' dir='ltr'><strong>caecos</strong></span> <span class='ocrx_word' id='word_1_30' title='bbox 320 897 555 962; x_wconf 88' lang='lat' dir='ltr'><strong>adinvenienda</strong></span> <span class='ocrx_word' id='word_1_31' title='bbox 567 912 604 962; x_wconf 88' lang='lat' dir='ltr'><strong>ea</strong></span> <span class='ocrx_word' id='word_1_32' title='bbox 618 892 695 980; x_wconf 80' lang='lat' dir='ltr'><strong>quac</strong></span> <span class='ocrx_word' id='word_1_33' title='bbox 710 897 742 960; x_wconf 93' lang='lat' dir='ltr'><strong>in</strong></span> <span class='ocrx_word' id='word_1_34' title='bbox 757 904 1022 983; x_wconf 62' lang='lat' dir='ltr'><strong>promptamne?</strong></span> <span class='ocrx_word' id='word_1_35' title='bbox 1042 900 1144 984; x_wconf 76' lang='lat' dir='ltr'><strong>itaque</strong></span> <span class='ocrx_word' id='word_1_36' title='bbox 1158 905 1220 966; x_wconf 82' lang='lat' dir='ltr'><strong>etsi</strong></span> 
     </span>
     <span class='ocr_line' id='line_1_6' title="bbox 134 999 1219 1084; baseline 0.003 -20"><span class='ocrx_word' id='word_1_37' title='bbox 134 1018 226 1084; x_wconf 86' lang='lat' dir='ltr'><strong>saepe</strong></span> <span class='ocrx_word' id='word_1_38' title='bbox 239 1000 379 1063; x_wconf 86' lang='lat' dir='ltr'><strong>iudicium</strong></span> <span class='ocrx_word' id='word_1_39' title='bbox 392 1018 411 1063; x_wconf 86' lang='lat' dir='ltr'><strong>a</strong></span> <span class='ocrx_word' id='word_1_40' title='bbox 425 1000 633 1083; x_wconf 80' lang='lat' dir='ltr'><strong>probabilitate</strong></span> <span class='ocrx_word' id='word_1_41' title='bbox 652 999 805 1082; x_wconf 86' lang='lat' dir='ltr'><strong>pendebit,</strong></span> <span class='ocrx_word' id='word_1_42' title='bbox 829 1011 929 1063; x_wconf 78' lang='lat' dir='ltr'><strong>nmen</strong></span> <span class='ocrx_word' id='word_1_43' title='bbox 944 1000 1038 1069; x_wconf 79' lang='lat' dir='ltr'><strong>multo</strong></span> <span class='ocrx_word' id='word_1_44' title='bbox 1051 1002 1145 1065; x_wconf 82' lang='lat' dir='ltr'><strong>nihilo</strong></span> <span class='ocrx_word' id='word_1_45' title='bbox 1162 1005 1219 1067; x_wconf 80' lang='lat' dir='ltr'><strong>ml·</strong></span> 
     </span>
     <span class='ocr_line' id='line_1_7' title="bbox 134 1100 1219 1184; baseline 0.004 -20"><span class='ocrx_word' id='word_1_46' title='bbox 134 1119 191 1165; x_wconf 89' lang='lat' dir='ltr'><strong>nus</strong></span> <span class='ocrx_word' id='word_1_47' title='bbox 209 1108 294 1165; x_wconf 85' lang='lat' dir='ltr'><strong>certe</strong></span> <span class='ocrx_word' id='word_1_48' title='bbox 314 1113 405 1166; x_wconf 85' lang='lat' dir='ltr'><strong>eruut</strong></span> <span class='ocrx_word' id='word_1_49' title='bbox 419 1120 438 1165; x_wconf 84' lang='lat' dir='ltr'><strong>a</strong></span> <span class='ocrx_word' id='word_1_50' title='bbox 453 1102 559 1184; x_wconf 86' lang='lat' dir='ltr'><strong>quibus</strong></span> <span class='ocrx_word' id='word_1_51' title='bbox 580 1100 784 1164; x_wconf 78' lang='lat' dir='ltr'><strong>abhorrebunt</strong></span> <span class='ocrx_word' id='word_1_52' title='bbox 805 1101 856 1183; x_wconf 88' lang='lat' dir='ltr'><strong>qui</strong></span> <span class='ocrx_word' id='word_1_53' title='bbox 869 1101 1024 1165; x_wconf 74' lang='lat' dir='ltr'><strong>codicibus</strong></span> <span class='ocrx_word' id='word_1_54' title='bbox 1038 1103 1071 1165; x_wconf 90' lang='lat' dir='ltr'><strong>in</strong></span> <span class='ocrx_word' id='word_1_55' title='bbox 1086 1105 1219 1168; x_wconf 85' lang='lat' dir='ltr'><strong>servitu-</strong></span> 
     </span>
     <span class='ocr_line' id='line_1_8' title="bbox 134 1199 1219 1282; baseline 0.003 -15"><span class='ocrx_word' id='word_1_56' title='bbox 134 1212 195 1267; x_wconf 83' lang='lat' dir='ltr'><strong>tem</strong></span> <span class='ocrx_word' id='word_1_57' title='bbox 206 1202 317 1267; x_wconf 82' lang='lat' dir='ltr'><strong>addicti</strong></span> <span class='ocrx_word' id='word_1_58' title='bbox 333 1215 416 1268; x_wconf 83' lang='lat' dir='ltr'><strong>suut.</strong></span> <span class='ocrx_word' id='word_1_59' title='bbox 446 1202 543 1266; x_wconf 81' lang='lat' dir='ltr'><strong>veluti</strong></span> <span class='ocrx_word' id='word_1_60' title='bbox 555 1200 690 1265; x_wconf 79' lang='lat' dir='ltr'><strong>mirabile</strong></span> <span class='ocrx_word' id='word_1_61' title='bbox 704 1215 790 1266; x_wconf 87' lang='lat' dir='ltr'><strong>esset</strong></span> <span class='ocrx_word' id='word_1_62' title='bbox 808 1203 836 1266; x_wconf 86' lang='lat' dir='ltr'><strong>si</strong></span> <span class='ocrx_word' id='word_1_63' title='bbox 854 1199 993 1266; x_wconf 82' lang='lat' dir='ltr'><strong>Catullus</strong></span> <span class='ocrx_word' id='word_1_64' title='bbox 1009 1203 1070 1282; x_wconf 84' lang='lat' dir='ltr'><strong>oio,</strong></span> <span class='ocrx_word' id='word_1_65' title='bbox 1094 1205 1147 1268; x_wconf 83' lang='lat' dir='ltr'><strong>uli</strong></span> <span class='ocrx_word' id='word_1_66' title='bbox 1166 1224 1219 1270; x_wconf 74' lang='lat' dir='ltr'><strong>un</strong></span> 
     </span>
     <span class='ocr_line' id='line_1_9' title="bbox 133 1304 1217 1389; baseline 0.003 -22"><span class='ocrx_word' id='word_1_67' title='bbox 133 1305 181 1368; x_wconf 85' lang='lat' dir='ltr'><strong>bis</strong></span> <span class='ocrx_word' id='word_1_68' title='bbox 200 1306 320 1369; x_wconf 90' lang='lat' dir='ltr'><strong>nomine</strong></span> <span class='ocrx_word' id='word_1_69' title='bbox 345 1305 389 1368; x_wconf 91' lang='lat' dir='ltr'><strong>uti</strong></span> <span class='ocrx_word' id='word_1_70' title='bbox 409 1316 441 1367; x_wconf 84' lang='lat' dir='ltr'><strong>et</strong></span> <span class='ocrx_word' id='word_1_71' title='bbox 464 1304 591 1368; x_wconf 84' lang='lat' dir='ltr'><strong>debebat</strong></span> <span class='ocrx_word' id='word_1_72' title='bbox 611 1315 644 1368; x_wconf 92' lang='lat' dir='ltr'><strong>et</strong></span> <span class='ocrx_word' id='word_1_73' title='bbox 667 1304 906 1367; x_wconf 86' lang='lat' dir='ltr'><strong>commodissime</strong></span> <span class='ocrx_word' id='word_1_74' title='bbox 925 1315 1056 1387; x_wconf 85' lang='lat' dir='ltr'><strong>poteret,</strong></span> <span class='ocrx_word' id='word_1_75' title='bbox 1079 1306 1217 1389; x_wconf 75' lang='lat' dir='ltr'><strong>regionis</strong></span> 
     </span>
     <span class='ocr_line' id='line_1_10' title="bbox 134 1406 1218 1490; baseline -0.001 -19"><span class='ocrx_word' id='word_1_76' title='bbox 134 1408 255 1471; x_wconf 87' lang='lat' dir='ltr'><strong>nomine</strong></span> <span class='ocrx_word' id='word_1_77' title='bbox 278 1419 310 1471; x_wconf 88' lang='lat' dir='ltr'><strong>el</strong></span> <span class='ocrx_word' id='word_1_78' title='bbox 331 1407 497 1471; x_wconf 87' lang='lat' dir='ltr'><strong>orationem</strong></span> <span class='ocrx_word' id='word_1_79' title='bbox 516 1407 714 1490; x_wconf 76' lang='lat' dir='ltr'><strong>depravasset</strong></span> <span class='ocrx_word' id='word_1_80' title='bbox 727 1417 760 1469; x_wconf 88' lang='lat' dir='ltr'><strong>et</strong></span> <span class='ocrx_word' id='word_1_81' title='bbox 777 1422 902 1470; x_wconf 76' lang='lat' dir='ltr'><strong>versum</strong></span> <span class='ocrx_word' id='word_1_82' title='bbox 917 1406 1084 1470; x_wconf 80' lang='lat' dir='ltr'><strong>inscienter</strong></span> <span class='ocrx_word' id='word_1_83' title='bbox 1098 1408 1218 1471; x_wconf 68' lang='lat' dir='ltr'><strong>conium</strong></span> 
     </span>
     <span class='ocr_line' id='line_1_11' title="bbox 133 1502 1215 1595; baseline 0.002 -24"><span class='ocrx_word' id='word_1_84' title='bbox 133 1520 266 1573; x_wconf 75' lang='lat' dir='ltr'><strong>messets</strong></span> <span class='ocrx_word' id='word_1_85' title='bbox 290 1509 416 1572; x_wconf 87' lang='lat' dir='ltr'><strong>offendit</strong></span> <span class='ocrx_word' id='word_1_86' title='bbox 428 1509 507 1571; x_wconf 89' lang='lat' dir='ltr'><strong>enim</strong></span> <span class='ocrx_word' id='word_1_87' title='bbox 521 1506 721 1595; x_wconf 70' lang='lat' dir='ltr'><strong>Pharsaliam</strong></span> <span class='ocrx_word' id='word_1_88' title='bbox 734 1508 821 1586; x_wconf 85' lang='lat' dir='ltr'><strong>illul,</strong></span> <span class='ocrx_word' id='word_1_89' title='bbox 845 1508 911 1571; x_wconf 86' lang='lat' dir='ltr'><strong>sive</strong></span> <span class='ocrx_word' id='word_1_90' title='bbox 921 1509 960 1570; x_wconf 83' lang='lat' dir='ltr'><strong>ed</strong></span> <span class='ocrx_word' id='word_1_91' title='bbox 973 1502 1130 1592; x_wconf 87' lang='lat' dir='ltr'><strong>synizesin</strong></span> <span class='ocrx_word' id='word_1_92' title='bbox 1144 1531 1215 1573; x_wconf 91' lang='lat' dir='ltr'><strong>con-</strong></span> 
     </span>
     <span class='ocr_line' id='line_1_12' title="bbox 133 1609 1215 1694; baseline 0.001 -22"><span class='ocrx_word' id='word_1_93' title='bbox 133 1610 245 1692; x_wconf 83' lang='lat' dir='ltr'><strong>fugies,</strong></span> <span class='ocrx_word' id='word_1_94' title='bbox 276 1610 342 1673; x_wconf 91' lang='lat' dir='ltr'><strong>sive</strong></span> <span class='ocrx_word' id='word_1_95' title='bbox 363 1621 506 1692; x_wconf 86' lang='lat' dir='ltr'><strong>quattuor</strong></span> <span class='ocrx_word' id='word_1_96' title='bbox 528 1628 598 1673; x_wconf 89' lang='lat' dir='ltr'><strong>esse</strong></span> <span class='ocrx_word' id='word_1_97' title='bbox 620 1618 706 1692; x_wconf 88' lang='lat' dir='ltr'><strong>putes</strong></span> <span class='ocrx_word' id='word_1_98' title='bbox 734 1609 879 1673; x_wconf 75' lang='lat' dir='ltr'><strong>insolenti</strong></span> <span class='ocrx_word' id='word_1_99' title='bbox 904 1628 1047 1673; x_wconf 87' lang='lat' dir='ltr'><strong>mensure</strong></span> <span class='ocrx_word' id='word_1_100' title='bbox 1063 1609 1215 1694; x_wconf 77' lang='lat' dir='ltr'><strong>syllabas.</strong></span> 
     </span>
     <span class='ocr_line' id='line_1_13' title="bbox 135 1708 1217 1796; baseline 0.003 -23"><span class='ocrx_word' id='word_1_101' title='bbox 135 1712 189 1773; x_wconf 90' lang='lat' dir='ltr'><strong>sed</strong></span> <span class='ocrx_word' id='word_1_102' title='bbox 219 1710 352 1773; x_wconf 78' lang='lat' dir='ltr'><strong>defendit</strong></span> <span class='ocrx_word' id='word_1_103' title='bbox 377 1711 434 1773; x_wconf 90' lang='lat' dir='ltr'><strong>hoo</strong></span> <span class='ocrx_word' id='word_1_104' title='bbox 464 1708 589 1775; x_wconf 81' lang='lat' dir='ltr'><strong>isaacus</strong></span> <span class='ocrx_word' id='word_1_105' title='bbox 611 1708 746 1775; x_wconf 88' lang='lat' dir='ltr'><strong>Vossius</strong></span> <span class='ocrx_word' id='word_1_106' title='bbox 772 1730 866 1775; x_wconf 91' lang='lat' dir='ltr'><strong>versu</strong></span> <span class='ocrx_word' id='word_1_107' title='bbox 888 1712 1014 1794; x_wconf 87' lang='lat' dir='ltr'><strong>quodam</strong></span> <span class='ocrx_word' id='word_1_108' title='bbox 1037 1709 1217 1796; x_wconf 81' lang='lat' dir='ltr'><strong>Calpurnii:</strong></span> 
     </span>
     <span class='ocr_line' id='line_1_14' title="bbox 133 1811 1221 1898; baseline 0.004 -25"><span class='ocrx_word' id='word_1_109' title='bbox 133 1811 213 1894; x_wconf 85' lang='lat' dir='ltr'><strong>quod</strong></span> <span class='ocrx_word' id='word_1_110' title='bbox 233 1832 290 1894; x_wconf 90' lang='lat' dir='ltr'><strong>quo</strong></span> <span class='ocrx_word' id='word_1_111' title='bbox 310 1812 378 1875; x_wconf 89' lang='lat' dir='ltr'><strong>iure</strong></span> <span class='ocrx_word' id='word_1_112' title='bbox 398 1813 508 1876; x_wconf 85' lang='lat' dir='ltr'><strong>fecerit</strong></span> <span class='ocrx_word' id='word_1_113' title='bbox 528 1832 584 1896; x_wconf 89' lang='lat' dir='ltr'><strong>age</strong></span> <span class='ocrx_word' id='word_1_114' title='bbox 607 1813 807 1877; x_wconf 87' lang='lat' dir='ltr'><strong>considerate.</strong></span> <span class='ocrx_word' id='word_1_115' title='bbox 838 1813 980 1896; x_wconf 85' lang='lat' dir='ltr'><strong>leguntur</strong></span> <span class='ocrx_word' id='word_1_116' title='bbox 996 1814 1072 1896; x_wconf 87' lang='lat' dir='ltr'><strong>apud</strong></span> <span class='ocrx_word' id='word_1_117' title='bbox 1088 1811 1221 1898; x_wconf 85' lang='lat' dir='ltr'><strong>Calpur·</strong></span> 
     </span>
     <span class='ocr_line' id='line_1_15' title="bbox 131 1912 457 1991; baseline 0.003 -16"><span class='ocrx_word' id='word_1_118' title='bbox 131 1912 214 1976; x_wconf 85' lang='lat' dir='ltr'><strong>niem</strong></span> <span class='ocrx_word' id='word_1_119' title='bbox 229 1912 303 1977; x_wconf 87' lang='lat' dir='ltr'><strong>haec</strong></span> <span class='ocrx_word' id='word_1_120' title='bbox 317 1921 350 1991; x_wconf 79' lang='lat' dir='ltr'><strong>d,</strong></span> <span class='ocrx_word' id='word_1_121' title='bbox 364 1921 404 1978; x_wconf 81' lang='lat'><strong>97</strong></span> <span class='ocrx_word' id='word_1_122' title='bbox 413 1928 457 1977; x_wconf 86' lang='lat' dir='ltr'><strong>ss.</strong></span> 
     </span>
    </p>

    <p class='ocr_par' dir='ltr' id='par_1_2' title="bbox 260 2013 1119 2100">
     <span class='ocr_line' id='line_1_16' title="bbox 260 2013 1119 2100; baseline 0 -21"><span class='ocrx_word' id='word_1_123' title='bbox 260 2015 393 2100; x_wconf 77' lang='lat' dir='ltr'><strong>Aspicis</strong></span> <span class='ocrx_word' id='word_1_124' title='bbox 413 2025 451 2078; x_wconf 82' lang='lat' dir='ltr'><strong>ai</strong></span> <span class='ocrx_word' id='word_1_125' title='bbox 469 2014 588 2078; x_wconf 63' lang='lat' dir='ltr'><strong>omenes</strong></span> <span class='ocrx_word' id='word_1_126' title='bbox 608 2014 716 2078; x_wconf 83' lang='lat' dir='ltr'><strong>andito</strong></span> <span class='ocrx_word' id='word_1_127' title='bbox 741 2013 880 2080; x_wconf 82' lang='lat' dir='ltr'><strong>Caesare</strong></span> <span class='ocrx_word' id='word_1_128' title='bbox 898 2017 998 2080; x_wconf 85' lang='lat' dir='ltr'><strong>siloae</strong></span> <span class='ocrx_word' id='word_1_129' title='bbox 1112 2040 1119 2049; x_wconf 89' lang='lat'><strong>·</strong></span> 
     </span>
    </p>

    <p class='ocr_par' dir='ltr' id='par_1_3' title="bbox 261 2116 1090 2203">
     <span class='ocr_line' id='line_1_17' title="bbox 261 2116 1090 2203; baseline 0.001 -23"><span class='ocrx_word' id='word_1_130' title='bbox 261 2116 471 2180; x_wconf 84' lang='lat' dir='ltr'><strong>Coniiceani?</strong></span> <span class='ocrx_word' id='word_1_131' title='bbox 491 2118 616 2178; x_wconf 76' lang='lat' dir='ltr'><strong>manini</strong></span> <span class='ocrx_word' id='word_1_132' title='bbox 636 2121 776 2202; x_wconf 80' lang='lat' dir='ltr'><strong>quamuis</strong></span> <span class='ocrx_word' id='word_1_133' title='bbox 795 2128 930 2203; x_wconf 82' lang='lat' dir='ltr'><strong>argente</strong></span> <span class='ocrx_word' id='word_1_134' title='bbox 947 2118 1090 2202; x_wconf 82' lang='lat' dir='ltr'><strong>procella</strong></span> 
     </span>
    </p>

    <p class='ocr_par' dir='ltr' id='par_1_4' title="bbox 262 2218 1074 2305">
     <span class='ocr_line' id='line_1_18' title="bbox 262 2218 1074 2305; baseline 0.001 -24"><span class='ocrx_word' id='word_1_135' title='bbox 262 2218 318 2282; x_wconf 90' lang='lat' dir='ltr'><strong>Sic</strong></span> <span class='ocrx_word' id='word_1_136' title='bbox 339 2238 445 2281; x_wconf 75' lang='lat' dir='ltr'><strong>nmine</strong></span> <span class='ocrx_word' id='word_1_137' title='bbox 469 2220 604 2279; x_wconf 81' lang='lat' dir='ltr'><strong>incusatis</strong></span> <span class='ocrx_word' id='word_1_138' title='bbox 624 2218 727 2281; x_wconf 72' lang='lat' dir='ltr'><strong>stabile</strong></span> <span class='ocrx_word' id='word_1_139' title='bbox 748 2224 943 2305; x_wconf 83' lang='lat' dir='ltr'><strong>reqnieseere</strong></span> <span class='ocrx_word' id='word_1_140' title='bbox 964 2221 1074 2294; x_wconf 83' lang='lat' dir='ltr'><strong>ramis,</strong></span> 
     </span>
    </p>

    <p class='ocr_par' dir='ltr' id='par_1_5' title="bbox 259 2318 1101 2405">
     <span class='ocr_line' id='line_1_19' title="bbox 259 2318 1101 2405; baseline 0.001 -21"><span class='ocrx_word' id='word_1_141' title='bbox 259 2321 307 2385; x_wconf 83' lang='lat' dir='ltr'><strong>Ei</strong></span> <span class='ocrx_word' id='word_1_142' title='bbox 325 2319 400 2383; x_wconf 64' lang='lat' dir='ltr'><strong>dani</strong></span> <span class='ocrx_word' id='word_1_143' title='bbox 417 2318 494 2382; x_wconf 85' lang='lat' dir='ltr'><strong>dens</strong></span> <span class='ocrx_word' id='word_1_144' title='bbox 515 2318 599 2394; x_wconf 76' lang='lat' dir='ltr'><strong>hinc,</strong></span> <span class='ocrx_word' id='word_1_145' title='bbox 629 2329 713 2381; x_wconf 83' lang='lat' dir='ltr'><strong>cerie</strong></span> <span class='ocrx_word' id='word_1_146' title='bbox 735 2320 811 2383; x_wconf 85' lang='lat' dir='ltr'><strong>dens</strong></span> <span class='ocrx_word' id='word_1_147' title='bbox 833 2321 959 2405; x_wconf 68' lang='lat' dir='ltr'><strong>expolit</strong></span> <span class='ocrx_word' id='word_1_148' title='bbox 976 2319 1101 2385; x_wconf 81' lang='lat' dir='ltr'><strong>Euros.-</strong></span> 
     </span>
    </p>

    <p class='ocr_par' dir='ltr' id='par_1_6' title="bbox 131 2419 1217 2912">
     <span class='ocr_line' id='line_1_20' title="bbox 217 2419 1110 2498; baseline 0.001 -13"><span class='ocrx_word' id='word_1_149' title='bbox 217 2436 225 2442; x_wconf 87' lang='lat'>·</span> <span class='ocrx_word' id='word_1_150' title='bbox 260 2421 329 2486; x_wconf 89' lang='lat' dir='ltr'><strong>Nec</strong></span> <span class='ocrx_word' id='word_1_151' title='bbox 349 2440 449 2498; x_wconf 77' lang='lat' dir='ltr'><strong>mora,</strong></span> <span class='ocrx_word' id='word_1_152' title='bbox 473 2419 663 2484; x_wconf 72' lang='lat' dir='ltr'><strong>Pharsaliae</strong></span> <span class='ocrx_word' id='word_1_153' title='bbox 682 2423 847 2485; x_wconf 81' lang='lat' dir='ltr'><strong>sainernni</strong></span> <span class='ocrx_word' id='word_1_154' title='bbox 864 2423 958 2486; x_wconf 80' lang='lat' dir='ltr'><strong>aidila</strong></span> <span class='ocrx_word' id='word_1_155' title='bbox 980 2442 1110 2486; x_wconf 87' lang='lat' dir='ltr'><strong>cannae.</strong></span> 
     </span>
     <span class='ocr_line' id='line_1_21' title="bbox 133 2522 1216 2609; baseline -0.002 -19"><span class='ocrx_word' id='word_1_156' title='bbox 133 2527 209 2591; x_wconf 79' lang='lat' dir='ltr'><strong>haec</strong></span> <span class='ocrx_word' id='word_1_157' title='bbox 225 2523 361 2606; x_wconf 73' lang='lat' dir='ltr'><strong>intellegi</strong></span> <span class='ocrx_word' id='word_1_158' title='bbox 379 2532 545 2603; x_wconf 83' lang='lat' dir='ltr'><strong>nequeunt,</strong></span> <span class='ocrx_word' id='word_1_159' title='bbox 569 2522 706 2604; x_wconf 83' lang='lat' dir='ltr'><strong>quicquid</strong></span> <span class='ocrx_word' id='word_1_160' title='bbox 729 2523 893 2586; x_wconf 85' lang='lat' dir='ltr'><strong>molientur</strong></span> <span class='ocrx_word' id='word_1_161' title='bbox 909 2523 1115 2609; x_wconf 66' lang='lat' dir='ltr'><strong>interpretem</strong></span> <span class='ocrx_word' id='word_1_162' title='bbox 1144 2524 1216 2590; x_wconf 89' lang='lat' dir='ltr'><strong>illud</strong></span> 
     </span>
     <span class='ocr_line' id='line_1_22' title="bbox 131 2620 1217 2711; baseline -0.002 -19"><span class='ocrx_word' id='word_1_163' title='bbox 131 2629 214 2692; x_wconf 88' lang='lat' dir='ltr'><strong>enim</strong></span> <span class='ocrx_word' id='word_1_164' title='bbox 239 2626 329 2689; x_wconf 92' lang='lat' dir='ltr'><strong>nimis</strong></span> <span class='ocrx_word' id='word_1_165' title='bbox 358 2625 490 2706; x_wconf 88' lang='lat' dir='ltr'><strong>ineptum</strong></span> <span class='ocrx_word' id='word_1_166' title='bbox 516 2625 663 2706; x_wconf 84' lang='lat' dir='ltr'><strong>estquod</strong></span> <span class='ocrx_word' id='word_1_167' title='bbox 685 2620 813 2706; x_wconf 76' lang='lat' dir='ltr'><strong>Saepius</strong></span> <span class='ocrx_word' id='word_1_168' title='bbox 836 2622 954 2687; x_wconf 83' lang='lat' dir='ltr'><strong>Lucani</strong></span> <span class='ocrx_word' id='word_1_169' title='bbox 982 2646 1103 2689; x_wconf 86' lang='lat' dir='ltr'><strong>carmen</strong></span> <span class='ocrx_word' id='word_1_170' title='bbox 1135 2626 1217 2711; x_wconf 83' lang='lat' dir='ltr'><strong>mugi</strong></span> 
     </span>
     <span class='ocr_line' id='line_1_23' title="bbox 134 2723 1215 2809; baseline -0.001 -16"><span class='ocrx_word' id='word_1_171' title='bbox 134 2728 305 2793; x_wconf 87' lang='lat' dir='ltr'><strong>somniavit.</strong></span> <span class='ocrx_word' id='word_1_172' title='bbox 337 2726 406 2809; x_wconf 84' lang='lat' dir='ltr'><strong>quid</strong></span> <span class='ocrx_word' id='word_1_173' title='bbox 428 2724 586 2808; x_wconf 81' lang='lat' dir='ltr'><strong>scripserit</strong></span> <span class='ocrx_word' id='word_1_174' title='bbox 606 2723 789 2808; x_wconf 85' lang='lat' dir='ltr'><strong>Calpurnius</strong></span> <span class='ocrx_word' id='word_1_175' title='bbox 812 2726 887 2789; x_wconf 89' lang='lat' dir='ltr'><strong>satis</strong></span> <span class='ocrx_word' id='word_1_176' title='bbox 903 2728 1095 2791; x_wconf 85' lang='lat' dir='ltr'><strong>manifestum</strong></span> <span class='ocrx_word' id='word_1_177' title='bbox 1118 2728 1215 2792; x_wconf 86' lang='lat' dir='ltr'><strong>esisi</strong></span> 
     </span>
     <span class='ocr_line' id='line_1_24' title="bbox 134 2828 608 2912; baseline -0.008 -18"><span class='ocrx_word' id='word_1_178' title='bbox 134 2829 301 2894; x_wconf 88' lang='lat' dir='ltr'><strong>contuleris</strong></span> <span class='ocrx_word' id='word_1_179' title='bbox 315 2828 469 2912; x_wconf 81' lang='lat' dir='ltr'><strong>proximos</strong></span> <span class='ocrx_word' id='word_1_180' title='bbox 485 2836 608 2905; x_wconf 79' lang='lat' dir='ltr'><strong>versus,</strong></span> 
     </span>
    </p>

    <p class='ocr_par' dir='ltr' id='par_1_7' title="bbox 260 2927 1115 3016">
     <span class='ocr_line' id='line_1_25' title="bbox 260 2927 1115 3016; baseline 0.001 -23"><span class='ocrx_word' id='word_1_181' title='bbox 260 2927 393 3016; x_wconf 80' lang='lat' dir='ltr'><strong>Aspicis</strong></span> <span class='ocrx_word' id='word_1_182' title='bbox 414 2940 451 2991; x_wconf 84' lang='lat' dir='ltr'><strong>ni</strong></span> <span class='ocrx_word' id='word_1_183' title='bbox 471 2939 593 2992; x_wconf 83' lang='lat' dir='ltr'><strong>teneros</strong></span> <span class='ocrx_word' id='word_1_184' title='bbox 614 2928 736 2991; x_wconf 70' lang='lat' dir='ltr'><strong>sorditas</strong></span> <span class='ocrx_word' id='word_1_185' title='bbox 758 2931 852 3014; x_wconf 83' lang='lat' dir='ltr'><strong>nigor</strong></span> <span class='ocrx_word' id='word_1_186' title='bbox 874 2933 990 2994; x_wconf 82' lang='lat' dir='ltr'><strong>encitei</strong></span> <span class='ocrx_word' id='word_1_187' title='bbox 1013 2953 1115 3016; x_wconf 85' lang='lat' dir='ltr'><strong>agnas</strong></span> 
     </span>
    </p>

    <p class='ocr_par' dir='ltr' id='par_1_8' title="bbox 264 3031 1095 3118">
     <span class='ocr_line' id='line_1_26' title="bbox 264 3031 1095 3118; baseline -0.001 -21"><span class='ocrx_word' id='word_1_188' title='bbox 264 3033 363 3118; x_wconf 79' lang='lat' dir='ltr'><strong>Hique</strong></span> <span class='ocrx_word' id='word_1_189' title='bbox 384 3034 547 3118; x_wconf 66' lang='lat' dir='ltr'><strong>superfuso</strong></span> <span class='ocrx_word' id='word_1_190' title='bbox 568 3033 672 3115; x_wconf 83' lang='lat' dir='ltr'><strong>magis</strong></span> <span class='ocrx_word' id='word_1_191' title='bbox 693 3031 790 3093; x_wconf 80' lang='lat' dir='ltr'><strong>adera</strong></span> <span class='ocrx_word' id='word_1_192' title='bbox 819 3033 900 3094; x_wconf 87' lang='lat' dir='ltr'><strong>lacte</strong></span> <span class='ocrx_word' id='word_1_193' title='bbox 917 3043 1095 3117; x_wconf 78' lang='lat' dir='ltr'><strong>graventur</strong></span> 
     </span>
    </p>

    <p class='ocr_par' dir='ltr' id='par_1_9' title="bbox 260 3132 983 3216">
     <span class='ocr_line' id='line_1_27' title="bbox 260 3132 983 3216; baseline 0 -20"><span class='ocrx_word' id='word_1_194' title='bbox 260 3135 308 3196; x_wconf 84' lang='lat' dir='ltr'><strong>Et</strong></span> <span class='ocrx_word' id='word_1_195' title='bbox 326 3152 425 3216; x_wconf 75' lang='lat' dir='ltr'><strong>sapies·</strong></span> <span class='ocrx_word' id='word_1_196' title='bbox 447 3132 729 3195; x_wconf 64' lang='lat' dir='ltr'><strong>conas-saunensi</strong></span> <span class='ocrx_word' id='word_1_197' title='bbox 746 3132 864 3196; x_wconf 83' lang='lat' dir='ltr'><strong>uellera</strong></span> <span class='ocrx_word' id='word_1_198' title='bbox 874 3133 983 3216; x_wconf 63' lang='lat' dir='ltr'><strong>festis?</strong></span> 
     </span>
    </p>

    <p class='ocr_par' dir='ltr' id='par_1_10' title="bbox 260 3234 1148 3320">
     <span class='ocr_line' id='line_1_28' title="bbox 260 3234 1148 3320; baseline -0.005 -21"><span class='ocrx_word' id='word_1_199' title='bbox 260 3235 329 3300; x_wconf 86' lang='lat' dir='ltr'><strong>Hoc</strong></span> <span class='ocrx_word' id='word_1_200' title='bbox 349 3254 409 3320; x_wconf 87' lang='lat' dir='ltr'><strong>ego</strong></span> <span class='ocrx_word' id='word_1_201' title='bbox 430 3235 505 3307; x_wconf 79' lang='lat' dir='ltr'><strong>inre,</strong></span> <span class='ocrx_word' id='word_1_202' title='bbox 527 3234 664 3307; x_wconf 82' lang='lat' dir='ltr'><strong>memini,</strong></span> <span class='ocrx_word' id='word_1_203' title='bbox 686 3234 784 3295; x_wconf 85' lang='lat' dir='ltr'><strong>semei</strong></span> <span class='ocrx_word' id='word_1_204' title='bbox 802 3234 862 3297; x_wconf 76' lang='lat' dir='ltr'><strong>liae</strong></span> <span class='ocrx_word' id='word_1_205' title='bbox 884 3237 917 3297; x_wconf 90' lang='lat' dir='ltr'><strong>in</strong></span> <span class='ocrx_word' id='word_1_206' title='bbox 937 3234 1019 3300; x_wconf 87' lang='lat' dir='ltr'><strong>oniie</strong></span> <span class='ocrx_word' id='word_1_207' title='bbox 1038 3234 1148 3297; x_wconf 85' lang='lat' dir='ltr'><strong>notavi</strong></span> 
     </span>
    </p>

    <p class='ocr_par' dir='ltr' id='par_1_11' title="bbox 131 3334 1057 3526">
     <span class='ocr_line' id='line_1_29' title="bbox 261 3334 1057 3422; baseline -0.004 -21"><span class='ocrx_word' id='word_1_208' title='bbox 261 3337 309 3401; x_wconf 78' lang='lat' dir='ltr'><strong>lle</strong></span> <span class='ocrx_word' id='word_1_209' title='bbox 326 3339 447 3400; x_wconf 85' lang='lat' dir='ltr'><strong>venisse</strong></span> <span class='ocrx_word' id='word_1_210' title='bbox 468 3334 567 3398; x_wconf 87' lang='lat' dir='ltr'><strong>Palen</strong></span> <span class='ocrx_word' id='word_1_211' title='bbox 582 3337 711 3419; x_wconf 83' lang='lat' dir='ltr'><strong>peeoris</strong></span> <span class='ocrx_word' id='word_1_212' title='bbox 732 3334 855 3399; x_wconf 64' lang='lat' dir='ltr'><strong>damase</strong></span> <span class='ocrx_word' id='word_1_213' title='bbox 876 3340 1057 3422; x_wconf 66' lang='lat' dir='ltr'><strong>magistros.</strong></span> 
     </span>
     <span class='ocr_line' id='line_1_30' title="bbox 131 3433 890 3526; baseline -0.011 -18"><span class='ocrx_word' id='word_1_214' title='bbox 131 3445 234 3526; x_wconf 82' lang='lat' dir='ltr'><strong>itaque</strong></span> <span class='ocrx_word' id='word_1_215' title='bbox 248 3438 461 3522; x_wconf 79' lang='lat' dir='ltr'><strong>intellegebam</strong></span> <span class='ocrx_word' id='word_1_216' title='bbox 476 3437 533 3500; x_wconf 88' lang='lat' dir='ltr'><strong>hoe</strong></span> <span class='ocrx_word' id='word_1_217' title='bbox 547 3436 667 3500; x_wconf 86' lang='lat' dir='ltr'><strong>dedisse</strong></span> <span class='ocrx_word' id='word_1_218' title='bbox 680 3433 890 3520; x_wconf 83' lang='lat' dir='ltr'><strong>Calpurnium,</strong></span> 
     </span>
    </p>

    <p class='ocr_par' dir='ltr' id='par_1_12' title="bbox 133 3535 1222 4435">
     <span class='ocr_line' id='line_1_31' title="bbox 263 3535 1131 3615; baseline -0.003 -11"><span class='ocrx_word' id='word_1_219' title='bbox 263 3542 334 3605; x_wconf 87' lang='lat' dir='ltr'><strong>Nec</strong></span> <span class='ocrx_word' id='word_1_220' title='bbox 354 3558 454 3612; x_wconf 86' lang='lat' dir='ltr'><strong>mora,</strong></span> <span class='ocrx_word' id='word_1_221' title='bbox 477 3538 671 3601; x_wconf 74' lang='lat' dir='ltr'><strong>Parrhasiae</strong></span> <span class='ocrx_word' id='word_1_222' title='bbox 690 3546 863 3603; x_wconf 74' lang='lat' dir='ltr'><strong>sanuciani</strong></span> <span class='ocrx_word' id='word_1_223' title='bbox 880 3535 976 3600; x_wconf 81' lang='lat' dir='ltr'><strong>sibila</strong></span> <span class='ocrx_word' id='word_1_224' title='bbox 996 3556 1131 3615; x_wconf 84' lang='lat' dir='ltr'><strong>cannae,</strong></span> 
     </span>
     <span class='ocr_line' id='line_1_32' title="bbox 133 3636 1221 3724; baseline -0.006 -14"><span class='ocrx_word' id='word_1_225' title='bbox 133 3641 372 3724; x_wconf 79' lang='lat' dir='ltr'><strong>recordaberque</strong></span> <span class='ocrx_word' id='word_1_226' title='bbox 384 3638 546 3723; x_wconf 84' lang='lat' dir='ltr'><strong>Virgilium</strong></span> <span class='ocrx_word' id='word_1_227' title='bbox 559 3638 640 3703; x_wconf 87' lang='lat' dir='ltr'><strong>Aen.</strong></span> <span class='ocrx_word' id='word_1_228' title='bbox 659 3647 691 3720; x_wconf 88' lang='lat'><strong>8,</strong></span> <span class='ocrx_word' id='word_1_229' title='bbox 707 3648 768 3706; x_wconf 81' lang='grc'><strong>343</strong></span> <span class='ocrx_word' id='word_1_230' title='bbox 778 3660 804 3703; x_wconf 90' lang='lat' dir='ltr'><strong>s.</strong></span> <span class='ocrx_word' id='word_1_231' title='bbox 830 3637 948 3703; x_wconf 78' lang='lat' dir='ltr'><strong>dixisse</strong></span> <span class='ocrx_word' id='word_1_232' title='bbox 963 3636 1126 3724; x_wconf 55' lang='lat' dir='ltr'><strong>&amp;peren</strong></span> <span class='ocrx_word' id='word_1_233' title='bbox 1136 3639 1221 3703; x_wconf 49' lang='lat' dir='ltr'><strong>Pas*</strong></span> 
     </span>
     <span class='ocr_line' id='line_1_33' title="bbox 134 3738 1219 3828; baseline -0.007 -16"><span class='ocrx_word' id='word_1_234' title='bbox 134 3748 242 3812; x_wconf 77' lang='lat' dir='ltr'><strong>riaetis</strong></span> <span class='ocrx_word' id='word_1_235' title='bbox 266 3745 380 3808; x_wconf 82' lang='lat' dir='ltr'><strong>dictam</strong></span> <span class='ocrx_word' id='word_1_236' title='bbox 397 3740 502 3805; x_wconf 87' lang='lat' dir='ltr'><strong>Panos</strong></span> <span class='ocrx_word' id='word_1_237' title='bbox 520 3741 558 3805; x_wconf 86' lang='lat' dir='ltr'><strong>de</strong></span> <span class='ocrx_word' id='word_1_238' title='bbox 578 3762 664 3806; x_wconf 82' lang='lat' dir='ltr'><strong>more</strong></span> <span class='ocrx_word' id='word_1_239' title='bbox 679 3741 804 3828; x_wconf 78' lang='lat' dir='ltr'><strong>Lycaei</strong></span> <span class='ocrx_word' id='word_1_240' title='bbox 824 3752 856 3806; x_wconf 90' lang='lat' dir='ltr'><strong>ct</strong></span> <span class='ocrx_word' id='word_1_241' title='bbox 873 3738 1020 3805; x_wconf 89' lang='lat' dir='ltr'><strong>Nonnum</strong></span> <span class='ocrx_word' id='word_1_242' title='bbox 1033 3746 1086 3816; x_wconf 75' lang='grc'><strong>23,</strong></span> <span class='ocrx_word' id='word_1_243' title='bbox 1103 3746 1161 3804; x_wconf 80' lang='lat'><strong>¹51</strong></span> <span class='ocrx_word' id='word_1_244' title='bbox 1174 3760 1219 3821; x_wconf 88' lang='lat' dir='ltr'><strong>s.‚</strong></span> 
     </span>
     <span class='ocr_line' id='line_1_34' title="bbox 134 3842 1221 3929; baseline -0.007 -16"><span class='ocrx_word' id='word_1_245' title='bbox 134 3850 271 3929; x_wconf 73' lang='lat' dir='ltr'><strong>Aiyst&#39;cec</strong></span> <span class='ocrx_word' id='word_1_246' title='bbox 293 3846 325 3906; x_wconf 76' lang='grc' dir='ltr'><strong>δὲ</strong></span> <span class='ocrx_word' id='word_1_247' title='bbox 344 3842 471 3908; x_wconf 80' lang='grc' dir='ltr'><strong><em>πόδεσσι</em></strong></span> <span class='ocrx_word' id='word_1_248' title='bbox 489 3843 618 3928; x_wconf 73' lang='grc' dir='ltr'><strong>διέτρεχε</strong></span> <span class='ocrx_word' id='word_1_249' title='bbox 633 3843 816 3927; x_wconf 71' lang='grc' dir='ltr'><strong><em>Παρῥάσιος</em></strong></span> <span class='ocrx_word' id='word_1_250' title='bbox 827 3842 911 3918; x_wconf 76' lang='grc' dir='ltr'><strong>Πάν,</strong></span> <span class='ocrx_word' id='word_1_251' title='bbox 929 3844 1030 3927; x_wconf 70' lang='grc' dir='ltr'><em>’Ἄκρα</em></span> <span class='ocrx_word' id='word_1_252' title='bbox 1043 3842 1221 3922; x_wconf 70' lang='grc' dir='ltr'><strong>γαληναὶοιο</strong></span> 
     </span>
     <span class='ocr_line' id='line_1_35' title="bbox 134 3940 1220 4031; baseline -0.012 -16"><span class='ocrx_word' id='word_1_253' title='bbox 134 3949 310 4031; x_wconf 75' lang='grc' dir='ltr'><strong>διαστείχων</strong></span> <span class='ocrx_word' id='word_1_254' title='bbox 319 3942 478 4025; x_wconf 80' lang='grc' dir='ltr'><strong><em>ποταμοῖο,</em></strong></span> <span class='ocrx_word' id='word_1_255' title='bbox 495 3950 547 4021; x_wconf 77' lang='lat'><strong>32,</strong></span> <span class='ocrx_word' id='word_1_256' title='bbox 563 3951 625 4009; x_wconf 84' lang='lat'><strong>277</strong></span> <span class='ocrx_word' id='word_1_257' title='bbox 636 3940 850 4027; x_wconf 74' lang='grc' dir='ltr'><strong>Πρεσβυγενὴς</strong></span> <span class='ocrx_word' id='word_1_258' title='bbox 864 3942 1113 4024; x_wconf 71' lang='grc' dir='ltr'><strong><em>φύξηλιςὲχάζετο</em></strong></span> <span class='ocrx_word' id='word_1_259' title='bbox 1126 3946 1220 4026; x_wconf 68' lang='grc' dir='ltr'><em>Παῤ-</em></span> 
     </span>
     <span class='ocr_line' id='line_1_36' title="bbox 133 4041 1218 4140; baseline -0.013 -24"><span class='ocrx_word' id='word_1_260' title='bbox 133 4053 240 4140; x_wconf 65' lang='lat' dir='ltr'><strong>piatos</strong></span> <span class='ocrx_word' id='word_1_261' title='bbox 254 4048 337 4112; x_wconf 82' lang='grc' dir='ltr'><strong><em>Πάν.</em></strong></span> <span class='ocrx_word' id='word_1_262' title='bbox 373 4057 531 4130; x_wconf 78' lang='lat' dir='ltr'><strong>postquam</strong></span> <span class='ocrx_word' id='word_1_263' title='bbox 550 4057 652 4109; x_wconf 88' lang='lat' dir='ltr'><strong>autem</strong></span> <span class='ocrx_word' id='word_1_264' title='bbox 673 4064 738 4107; x_wconf 89' lang='lat' dir='ltr'><strong>eum</strong></span> <span class='ocrx_word' id='word_1_265' title='bbox 760 4042 1016 4110; x_wconf 88' lang='lat' dir='ltr'><strong>Wernsdoriiano</strong></span> <span class='ocrx_word' id='word_1_266' title='bbox 1036 4041 1218 4125; x_wconf 85' lang='lat' dir='ltr'><strong>exemplari,</strong></span> 
     </span>
     <span class='ocr_line' id='line_1_37' title="bbox 135 4143 1220 4238; baseline -0.014 -19"><span class='ocrx_word' id='word_1_267' title='bbox 135 4179 193 4238; x_wconf 88' lang='lat' dir='ltr'><strong>quo</strong></span> <span class='ocrx_word' id='word_1_268' title='bbox 207 4153 273 4217; x_wconf 89' lang='lat' dir='ltr'><strong>selo</strong></span> <span class='ocrx_word' id='word_1_269' title='bbox 295 4170 371 4214; x_wconf 90' lang='lat' dir='ltr'><strong>usus</strong></span> <span class='ocrx_word' id='word_1_270' title='bbox 386 4150 515 4225; x_wconf 83' lang='lat' dir='ltr'><strong>fueram,</strong></span> <span class='ocrx_word' id='word_1_271' title='bbox 539 4149 598 4210; x_wconf 85' lang='lat' dir='ltr'><strong>alia</strong></span> <span class='ocrx_word' id='word_1_272' title='bbox 611 4147 793 4229; x_wconf 85' lang='lat' dir='ltr'><strong>comparavi,</strong></span> <span class='ocrx_word' id='word_1_273' title='bbox 816 4147 878 4210; x_wconf 86' lang='lat' dir='ltr'><strong>vidi</strong></span> <span class='ocrx_word' id='word_1_274' title='bbox 894 4146 1019 4209; x_wconf 86' lang='lat' dir='ltr'><strong>eandem</strong></span> <span class='ocrx_word' id='word_1_275' title='bbox 1034 4143 1220 4210; x_wconf 86' lang='lat' dir='ltr'><strong>emendatio-</strong></span> 
     </span>
     <span class='ocr_line' id='line_1_38' title="bbox 135 4246 1219 4334; baseline -0.009 -15"><span class='ocrx_word' id='word_1_276' title='bbox 135 4276 204 4318; x_wconf 89' lang='lat' dir='ltr'><strong>nem</strong></span> <span class='ocrx_word' id='word_1_277' title='bbox 224 4255 335 4318; x_wconf 88' lang='lat' dir='ltr'><strong>dudum</strong></span> <span class='ocrx_word' id='word_1_278' title='bbox 357 4250 523 4334; x_wconf 87' lang='lat' dir='ltr'><strong>protulisse</strong></span> <span class='ocrx_word' id='word_1_279' title='bbox 545 4248 706 4312; x_wconf 85' lang='lat' dir='ltr'><strong>Nicolaum</strong></span> <span class='ocrx_word' id='word_1_280' title='bbox 728 4247 900 4311; x_wconf 83' lang='lat' dir='ltr'><strong>Heinsium.</strong></span> <span class='ocrx_word' id='word_1_281' title='bbox 933 4270 1025 4333; x_wconf 87' lang='lat' dir='ltr'><strong>quare</strong></span> <span class='ocrx_word' id='word_1_282' title='bbox 1047 4264 1085 4309; x_wconf 90' lang='lat' dir='ltr'><strong>ne</strong></span> <span class='ocrx_word' id='word_1_283' title='bbox 1106 4246 1219 4310; x_wconf 79' lang='lat' dir='ltr'><strong>nudem</strong></span> 
     </span>
     <span class='ocr_line' id='line_1_39' title="bbox 135 4346 1222 4435; baseline -0.009 -14"><span class='ocrx_word' id='word_1_284' title='bbox 135 4358 244 4422; x_wconf 80' lang='lat' dir='ltr'><strong>hebeat</strong></span> <span class='ocrx_word' id='word_1_285' title='bbox 259 4355 421 4420; x_wconf 78' lang='lat' dir='ltr'><strong>utilitatem</strong></span> <span class='ocrx_word' id='word_1_286' title='bbox 442 4353 519 4435; x_wconf 88' lang='lat' dir='ltr'><strong>quod</strong></span> <span class='ocrx_word' id='word_1_287' title='bbox 533 4349 689 4435; x_wconf 84' lang='lat' dir='ltr'><strong>Calpurnii</strong></span> <span class='ocrx_word' id='word_1_288' title='bbox 703 4350 887 4414; x_wconf 86' lang='lat' dir='ltr'><strong>mentionem</strong></span> <span class='ocrx_word' id='word_1_289' title='bbox 903 4351 972 4428; x_wconf 87' lang='lat' dir='ltr'><strong>leci,</strong></span> <span class='ocrx_word' id='word_1_290' title='bbox 997 4351 1073 4412; x_wconf 90' lang='lat' dir='ltr'><strong>duos</strong></span> <span class='ocrx_word' id='word_1_291' title='bbox 1087 4346 1165 4411; x_wconf 77' lang='lat' dir='ltr'><strong>dios</strong></span> <span class='ocrx_word' id='word_1_292' title='bbox 1178 4366 1222 4413; x_wconf 84' lang='lat' dir='ltr'><strong>ex</strong></span> 
     </span>
    </p>
   </div>
   <div class='ocr_carea' id='block_1_2' title="bbox 0 0 1381 4950">
    <p class='ocr_par' dir='ltr' id='par_1_13' title="bbox 0 0 1381 4950">
     <span class='ocr_line' id='line_1_40' title="bbox 0 0 1381 4950; baseline 0 0"><span class='ocrx_word' id='word_1_293' title='bbox 0 0 1381 4950; x_wconf 95' lang='lat' dir='ltr'><strong> </strong></span> 
     </span>
    </p>
   </div>
  </div>
 </body>
</html>
