2746 4950
674 241 810 311 w.

153 435 249 482 noves
262 413 400 503 afflatas
410 423 504 501 atquo
515 415 549 479 io
559 413 652 480 litore
667 417 783 483 eiectos
794 437 876 494 esso,
898 415 982 504 qood
993 430 1091 503 usquo
1104 434 1254 488 ancorae

143 517 305 605 sanesque
322 518 509 582 resisterent
528 538 627 604 oeque
645 528 760 582 nonme
778 519 1069 605 gubernatoresque
1091 520 1159 588 ot'as
1174 524 1255 605 poti

152 620 344 707 tempestatis
360 628 510 703 possent.-
534 620 640 705 itoqoe
661 639 704 684 eos
723 642 760 684 eo
778 641 932 685 concurso
949 622 1072 685 nooman
1089 641 1251 706 mobeatur

147 736 222 788 'esse
248 719 470 785 accommodam
491 731 661 806 accepturo.
697 720 828 786 amissae
854 733 942 786 erant
963 720 1084 786 circiter
1113 724 1253 804 quadra-

153 824 237 910 ginta
260 842 354 887 naves
374 823 421 904 (5,
438 822 502 902 11).
528 821 656 904 denique
677 843 743 887 eum
761 822 794 887 in
818 820 946 888 Galliam
966 821 1066 886 redire
1089 824 1196 890 vellet
1218 839 1252 892 et

152 924 267 991 duobus
292 922 506 988 commeatibus
528 924 698 988 exercitum
725 935 881 1010 reportare
910 924 1098 1001 institueret,
1129 945 1179 989 ex
1203 928 1250 995 eis

151 1026 278 1092 navibus
295 1046 371 1110 quae
384 1023 493 1088 inanes
516 1044 558 1088 ex
571 1025 739 1090 continenti
753 1028 791 1090 ad
805 1048 872 1091 eum
886 1015 1118 1091 remittebantur
1131 1028 1250 1112 priori-

150 1241 250 1308 verat,
274 1247 399 1293 numero
418 1225 591 1312 sexaginta,
614 1249 779 1313 perpaucae
801 1229 899 1293 locum
918 1239 1078 1313 ceperunts
1103 1230 1248 1315 reliquae

150 1333 215 1398 iere
228 1351 335 1396 omnes
347 1328 482 1396 reiectae
496 1342 569 1402 sunt
584 1331 632 1420 (ὅ,
647 1335 717 1416 23).
746 1330 847 1414 itaque
868 1352 935 1396 cum
950 1327 1107 1395 Oceanum
1122 1336 1248 1418 magni-

149 1432 287 1500 licentius
301 1434 402 1499 dicere
416 1444 522 1516 posset
539 1430 689 1511 Catullus,
713 1454 774 1517 non
787 1433 885 1498 minus
900 1433 1045 1518 gravitm
1060 1433 1118 1497 sed
1130 1435 1245 1517 pulcre

149 1535 302 1602 bom'bile
321 1553 438 1619 aequor
457 1532 547 1611 dixit,
569 1554 627 1616 quo
649 1533 850 1617 periculosum
870 1556 955 1600 mare
976 1533 1179 1600 describeret.
1213 1538 1245 1604 id

149 1636 228 1721 quod
249 1634 322 1699 mibi
344 1633 462 1719 quidem
481 1637 692 1718 propemedum
718 1635 815 1719 aptius
837 1637 946 1700 factum
970 1657 1041 1701 esse
1061 1635 1188 1702 videtur
1205 1639 1243 1707 in

148 1736 206 1800 boo
220 1736 352 1801 carmine
368 1756 453 1818 qutam
475 1736 503 1799 si
519 1733 636 1801 Oceani
647 1736 793 1802 vocabulo
807 1759 881 1801 usus
896 1748 991 1803 esset.
1016 1737 1061 1801 sic
1076 1738 1157 1802 enim
1168 1741 1243 1807 lon-

143 1859 218 1923 gum
231 1837 293 1902 iter
306 1838 528 1922 significaretur
544 1839 657 1926 pa1iter
671 1850 760 1924 atque
776 1839 808 1903 in
822 1839 965 1923 reliquias
990 1840 1044 1904 sed
1068 1839 1117 1923 qui
1139 1843 1242 1924 potuit

149 1937 286 2008 Catullus
306 1941 549 2006 molestissimam
565 1939 656 2005 ruiti
675 1953 707 2005 et
727 1941 858 2021 Aurelii,
887 1942 970 2007 nulla
990 1960 1091 2006 secum
1112 1942 1241 2011 sincera

146 2041 278 2108 amicitia
298 2041 537 2131 coniunctorum,
562 2042 617 2105 sed
638 2043 850 2125 parasitorum,
873 2042 1079 2105 assiduitatem
1093 2043 1237 2112 acerbius

146 2141 357 2226 perstringere
376 2159 463 2221 quam
483 2140 511 2204 si
525 2151 646 2224 paratos
663 2137 716 2205 eos
737 2141 852 2208 diceret
866 2141 904 2205 ad
920 2142 1110 2226 suscipienda
1120 2165 1236 2228 magua

146 2252 179 2308 et
191 2241 312 2326 cognita
326 2239 473 2306 Romanis
487 2240 555 2306 istis
574 2263 646 2325 quas
664 2239 782 2308 Caesar
797 2242 932 2308 nunaut
946 2244 1162 2310 calamitatibus
1177 2266 1232 2330 pe·

145 2344 261 2410 ricula?
280 2353 312 2408 at
333 2353 393 2408 tam
410 2343 477 2408 titis
498 2354 615 2428 tamque
633 2344 761 2410 fortibus
781 2345 898 2410 scilicet
909 2344 1012 2410 amicis
1028 2347 1139 2426 subito,
1164 2369 1226 2413 cuns

144 2446 236 2531 longe
253 2445 313 2511 alia
333 2444 442 2509 dictum
462 2446 501 2511 iri
515 2459 722 2533 expectamus,
745 2450 866 2514 mandat
878 2459 911 2514 ut
925 2468 991 2512 cum
1006 2448 1158 2532 aliquamo
1175 2450 1230 2514 mi·

144 2565 219 2610 nere
242 2544 375 2628 periculo
397 2543 522 2614 Clodiae
553 2550 744 2633 turpitudinis
761 2550 1000 2615 criminationem
1028 2561 1060 2613 ct
1083 2563 1230 2619 mutabam

143 2647 209 2712 elus
224 2647 310 2732 culpe
323 2657 431 2732 poetae
446 2649 575 2714 aninmm
588 2651 780 2717 renunciant.

228 2747 349 2816 Deinde
365 2749 392 2815 si
408 2750 456 2814 eui
469 2751 584 2816 libitum
595 2753 687 2820 fuerit
701 2773 773 2819 essa
785 2753 897 2833 faceto,
918 2771 1059 2835 aquosam
1074 2755 1230 2839 appellare

57 2904 60 2917 ,
142 2849 254 2938 poterit
273 2851 350 2916 banc
370 2851 611 2920 emendationem
631 2867 663 2921 et
681 2875 795 2941 negare
810 2855 976 2922 verendum
991 2854 1084 2921 baisse
1104 2880 1143 2924 ne
1156 2869 1228 2942 post

140 2951 228 3019 ane
241 2954 339 3018 undae
358 2964 390 3018 et
409 2950 477 3018 Nili
493 2954 564 3022 limo
587 2979 643 3023 suo
657 2979 788 3044 aequora
802 2958 965 3023 eoloranas
981 2968 1014 3020 et
1026 2955 1129 3019 Rheni
1143 2980 1225 3021 eom·

141 3053 388 3117 memorationem
403 3055 516 3117 siceum
530 3058 687 3120 videretur
706 3061 764 3120 boc
775 3077 897 3118 carmen
911 3055 970 3118 nisi
982 3054 1048 3131 plus
1064 3070 1157 3127 aquae
1176 3052 1223 3110 in·

140 3153 328 3220 finderetur.
352 3152 401 3216 cui
413 3152 501 3216 facile
516 3154 696 3236 responderi
711 3161 821 3238 potest.
845 3172 914 3213 nam
922 3149 982 3213 ista
993 3143 1092 3207 omnia
1106 3145 1149 3211 nil
1162 3146 1222 3211 nisi

140 3254 319 3340 longinquas
332 3254 476 3341 regiones
496 3250 682 3334 describunt,
704 3251 753 3317 bic
765 3248 917 3316 horribile
930 3267 1047 3335 aequor
1064 3265 1149 3312 suum
1164 3248 1221 3313 sibi

139 3355 230 3420 babet
241 3355 357 3439 pondus
370 3379 514 3440 suamquc
526 3355 729 3422 aemmoniam

221 3453 322 3519 Porro
335 3455 505 3539 displicebit
517 3457 648 3520 fortasse
663 3476 724 3519 non
740 3451 831 3519 nullis
844 3453 933 3536 quod,
950 3463 1106 3539 postquam
1114 3452 1220 3518 Catul-

136 3533 184 3627 tus
195 3556 228 3624 ln
240 3556 439 3623 antecedente
450 3553 575 3638 suopba
586 3577 724 3644 aequm
735 3567 1011 3635 commemorasset,
1026 3557 1137 3623 iterum
1150 3581 1219 3622 eum

137 3681 254 3748 aequor
273 3657 403 3724 dixisse
408 3655 591 3723 exisb'mem
628 3659 684 3726 sed
704 3669 738 3724 ut
759 3658 941 3726 evitaverint
962 3660 1095 3744 plerique
1110 3670 1218 3743 poetae

134 3757 258 3827 Latini
248 3759 336 3824 satius
351 3758 430 3824 modi
444 3758 678 3827 vocabulorum
668 3762 871 3838 iterationem,
894 3771 995 3825 tamen
1009 3782 1071 3826 uon
1087 3761 1218 3824 omnium

136 3882 235 3948 usqae
249 3859 330 3926 omni
341 3871 445 3929 aetate
455 3862 559 3929 eadem
573 3863 630 3928 fuit
642 3862 809 3948 dibgentia
831 3861 926 3929 veluti
946 3882 1078 3928 summm
1093 3862 1216 3946 copiose

136 3961 254 4033 disard
276 3961 453 4031 niteam.
468 3963 588 4038 Tabim
602 3963 726 4044 Cicero,
761 3985 829 4030 cum
844 3962 953 4032 Aram
971 3960 1216 4030 iuvenilistadio

135 4061 355 4144 consuleret,
377 4065 484 4139 mirum
504 4077 556 4134 est
575 4086 661 4150 mam
676 4085 767 4152 saepe
786 4065 820 4131 in
834 4065 939 4132 eadem
952 4065 1048 4132 verba
1059 4061 1212 4131 inciderit.

133 4164 224 4231 etiam
234 4162 397 4241 Lucretius
419 4168 524 4234 eadem
540 4187 633 4252 saepe
646 4166 792 4233 vocabula
805 4167 918 4253 repetit
930 4179 964 4235 et
982 4180 1214 4251 assummum

133 4267 212 4339 baud
230 4287 315 4337 sane.
326 4269 495 4356 maner.
529 4270 610 4339 ande
628 4290 751 4337 versam
770 4263 1214 4354 edumetaamatsorde
