2746 4950
744 308 788 374 58

220 481 306 557 bont,
337 500 398 543 nou
418 489 491 563 puto
516 497 586 543 esse
605 497 723 556 verum,
749 478 804 543 scd
827 477 855 542 si
873 497 980 543 veruna
1001 489 1051 543 est
1069 480 1175 563 optimi
1197 485 1312 550 codicis

219 581 421 647 Laurentiaui
441 584 546 662 θυμῷ,
575 580 725 644 satisfacit
747 582 819 644 mihi
841 578 1006 645 Godolredi
1030 579 1204 648 llermauui
1231 589 1311 653 ratio

219 697 290 772 post
310 683 372 748 ελιιε
391 694 537 747 commate
558 683 803 767 interpungentis
824 695 856 748 et
872 684 917 748 sic
937 684 1037 747 omnia
1057 684 1308 770 interpretantis,

218 789 277 853 aed
290 787 377 863 cede,
399 787 469 849 ι’νσο
488 788 581 849 cuuto
596 788 852 849 intermissionem
862 785 938 868 fae.
964 787 1094 850 dubitasi
1105 797 1225 868 tamen,
1250 792 1309 857 nisi

218 891 319 967 fallor,
341 898 442 971 potest
455 897 555 950 utrum
575 888 632 951 hoc
647 887 804 970 scripserit
819 885 985 971 Sophocles
1000 910 1039 952 au
1054 911 1098 954 ex
1109 901 1242 974 utroque
1252 916 1307 958 vo-

218 991 335 1070 cabulo,
355 994 449 1072 θυμῷ
465 1001 497 1054 et
509 994 625 1071 θυμοῦ,
649 992 780 1055 fortasse
800 991 922 1054 tertium
933 990 974 1054 sit
984 992 1186 1056 afficiendum.
1210 1015 1307 1080 neque

218 1094 298 1160 euin
318 1093 449 1157 absurde
469 1092 624 1175 suspicere
643 1093 763 1156 dixisse
782 1104 915 1176 poetam,
940 1091 1017 1155 Ἀλλ’
1038 1091 1101 1154 εἶκε
1122 1100 1238 1174 θυμῶν
1256 1101 1307 1161 καὶ

216 1195 397 1279 μετάστασιν
415 1194 512 1256 didon.
551 1194 630 1276 quod
645 1195 741 1254 clam
763 1215 830 1256 cum
850 1194 986 1277 genitivo
1012 1215 1067 1258 suo
1091 1200 1249 1262 uenalem
1269 1202 1305 1265 ad

216 1300 285 1365 eius
296 1297 345 1362 rei
362 1294 612 1380 significationem
625 1317 714 1379 quarn
731 1296 799 1379 quis
810 1296 932 1359 missam
946 1297 1049 1374 laniat,
1072 1296 1198 1363 delendi
1212 1322 1304 1384 posse

215 1401 338 1464 videm
350 1395 499 1462 Herodoti
512 1399 748 1482 comparatione,
771 1398 848 1482 apud
859 1419 948 1481 quem
962 1398 1037 1463 haeo
1047 1399 1217 1482 iuveniol,
1229 1412 1301 1483 too,

215 1502 274 1567 ill
298 1501 363 1563 ἐπεί
383 1522 415 1561 ra
432 1499 505 1579 ὑμῖν
527 1500 544 1562 ὀ
566 1499 653 1581 λόγος
670 1499 748 1563 οὕτω
767 1499 934 1586 προςιλντης
953 1501 1139 1578 κατίσταται,
1170 1505 1262 1585 ἡμεῖς
1277 1532 1302 1570 τι

213 1602 373 1682 ὑιὲελξομεν
383 1603 439 1662 τοῦ
453 1597 581 1684 ἀρχαίου
596 1599 697 1683 λόγου.
720 1603 800 1685 quod
813 1613 927 1680 auteur,
949 1602 978 1666 si
991 1602 1038 1667 sic
1049 1604 1225 1687 scribimus,
1251 1631 1304 1694 ge·

214 1704 326 1769 nativus
340 1701 433 1765 etim
443 1701 482 1765 ad
493 1700 673 1780 μετάστασιν
682 1703 862 1767 referendus
876 1715 938 1782 est,
960 1703 994 1766 in
1007 1724 1045 1768 an
1059 1704 1135 1770 nihil
1145 1708 1240 1774 video
1256 1711 1303 1776 iu·

213 1803 373 1870 commodi.
411 1803 539 1885 denique
559 1807 670 1883 θυμῶν
690 1805 798 1889 plurali
819 1825 947 1869 numero
967 1805 1085 1872 dixisse
1105 1809 1229 1876 videtur
1242 1812 1302 1878 So-

212 1906 335 1994 phocles
356 1904 409 1969 ai.
428 1913 504 1984 7¹8,
528 1904 579 1969 ubi
600 1926 667 1968 oum
688 1906 779 1970 bonis
799 1906 951 1970 codicibus
974 1909 1117 1974 traditura
1138 1912 1182 1975 ait
1197 1915 1302 1996 θυμόν

213 2023 247 2076 et
260 2019 375 2074 lantum
392 2008 427 2070 in
445 2029 506 2072 uno
520 2006 695 2071 inveniatur
708 2006 811 2088 θυμόν
822 2005 859 2083 τ’,
882 2020 932 2072 est
953 2030 1040 2090 sane,
1062 2022 1098 2075 ut
1116 2025 1199 2097 puto,
1224 2018 1300 2082 siua-

211 2111 408 2198 plicissimum
422 2111 500 2193 quod
514 2108 680 2173 'll‘iclinius
701 2110 825 2194 scripsit
836 2113 957 2191 θυμῶν.
995 2112 1098 2196 pulcre
1115 2115 1196 2178 euim
1219 2118 1297 2183 haec
1325 2108 1331 2122 ’

211 2215 362 2290 dicuntur,
384 2209 509 2273 Koddlu
525 2209 694 2286 ἀναύδητον
707 2208 860 2291 φατίσαιρί
882 2208 931 2286 ἄν,
961 2203 1090 2296 ΕὖτὲῘ
1110 2213 1293 2288 dinitiarum

94 2344 104 2363 .
210 2317 294 2388 Αἴας
314 2308 545 2395 μεταντγνολσθη
561 2313 673 2391 θυμῶν
685 2309 856 2397 Ἀτρείδαις
867 2310 1003 2394 μεγάλων
1013 2313 1181 2381 πινακίων.
1210 2337 1287 2380 ouu-

209 2417 303 2501 iuugo
316 2426 418 2480 autem
433 2414 519 2493 hacc,
543 2413 575 2488 ἐξ
587 2410 721 2476 ἄελπτοι
733 2417 855 2495 θυμῶν,
877 2435 948 2477 narn
967 2418 1062 2480 multo
1083 2415 1179 2480 finus
1191 2417 1293 2501 placet

209 2518 307 2585 altera
327 2517 408 2581 ratio
427 2537 485 2599 qua
497 2517 657 2598 Augustus
670 2514 845 2580 Lobeckius
865 2516 897 2590 ἐξ
912 2513 1046 2580 ἀέλπτων
1063 2519 1192 2603 quodam
1204 2523 1296 2586 noto

209 2618 356 2705 explicari
377 2637 468 2702 posse
489 2618 635 2680 ostendit.
657 2617 737 2679 idem
757 2628 858 2680 antem
873 2614 1049 2683 Lobeckius
1063 2626 1173 2703 θυμιῑν
1186 2623 1298 2708 plurali

209 2742 334 2787 nmero
354 2721 464 2784 dictum
480 2719 608 2795 cudite,
632 2728 667 2780 ut
684 2718 774 2796 solet,
799 2718 997 2783 confirmavit.

237 2871 242 2877 -
292 2825 324 2888 Α
336 2822 462 2906 tragicis
478 2821 575 2905 igitur
588 2831 620 2884 et
632 2820 754 2884 comicis
776 2821 875 2905 poetis
888 2822 1000 2886 Atticis
1013 2823 1145 2888 alienum
1159 2847 1233 2892 esne
1250 2830 1301 2893 vi·

207 2928 297 2991 detur
312 2925 365 2988 καλ
377 2924 577 3007 copulativum
590 2924 657 2987 loco
672 2944 733 2987 nou
747 2943 803 2987 suo
817 2925 959 3008 positum.
997 2925 1098 3010 itaque
1118 2927 1147 2991 ai
1166 2929 1299 2996 circum

207 3028 349 3112 spicimus
364 3047 521 3110 quemnam
534 3037 651 3112 poetam
665 3036 737 3091 aute
758 3026 919 3110 illosquos
940 3027 1004 3091 dixi
1017 3029 1180 3115 νιοντιρους
1200 3034 1299 3099 traic-

206 3127 288 3192 oisse
309 3127 488 3211 porticulum
510 3129 653 3192 credibile
676 3129 728 3206 sit,
751 3129 894 3205 occurrit,
918 3131 980 3194 nisi
1000 3132 1100 3211 fallor,
1121 3128 1295 3213 Pindarus,

206 3230 292 3296 onius
307 3228 402 3294 multa
416 3227 511 3295 estin
525 3228 687 3295 verborum
704 3228 901 3295 collocatione
916 3232 1053 3298 audacia.
1073 3238 1167 3318 'quare
1182 3231 1296 3298 viden-

205 3331 273 3398 dum
288 3333 349 3398 erit
361 3334 399 3397 de
411 3329 558 3400 Pindaro.
582 3334 695 3399 incius
707 3332 801 3418 igitur
815 3333 948 3399 carmine
957 3331 1097 3420 Olympio
1113 3344 1132 3402 6
1148 3358 1181 3400 v.
1190 3340 1232 3401 26
1241 3355 1289 3402 se.

204 3435 279 3498 llaec
292 3434 446 3518 leguntur,
468 3434 554 3520 ὄφρα
567 3433 739 3515 κελεύθῳί
755 3434 789 3496 o'r
808 3439 937 3519 καθαρᾷ
945 3435 1092 3513 Balaam
1109 3434 1200 3518 ὄκχον
1217 3442 1293 3501 ἵκω-

201 3533 259 3619 μαί
281 3555 314 3594 τι
333 3531 411 3619 πρὸς
430 3533 551 3618 ἀνδρῶν
573 3535 642 3594 Kal
661 3533 757 3613 γένος.
789 3532 895 3597 ultime
914 3533 1010 3596 verba
1031 3533 1074 3596 ita
1094 3555 1166 3598 esse
1190 3539 1295 3616 expli-

202 3637 310 3719 canda,
333 3645 371 3701 ret
386 3634 509 3698 οινιίσοι
527 3635 621 3697 etiem
642 3634 687 3698 od
703 3635 966 3718 ςοιιαιοίνονοιιι,
990 3637 1035 3700 nd
1049 3637 1195 3705 νννοίονιτ,
1218 3652 1290 3700 cum

202 3748 296 3806 maten
313 3739 354 3802 dc
373 3737 453 3823 ipsas
469 3736 550 3798 ον’ντλι
568 3736 718 3812 dam,
740 3746 825 3798 recte
846 3737 1003 3799 affirmavit
1022 3730 1196 3798 Boeclhius
1218 3747 1286 3802 not.

201 3840 270 3906 crit.
288 3861 318 3924 p.
328 3845 403 3904 885.
435 3856 534 3920 neque
552 3835 654 3899 dubito
672 3836 745 3919 quin
767 3832 818 3901 01.
837 3845 868 3913 5,
889 3844 929 3900 16
951 3838 993 3898 ita
1009 3835 1119 3898 diuum
1133 3831 1174 3894 sit
1193 3831 1232 3907 ῆι)
1253 3836 1285 3898 θ’

201 3939 316 4026 ἔχοντες
337 3939 431 4019 σοφοὶ
449 3940 502 4001 καῖ
520 3935 653 4009 πολίταις
668 3933 777 4010 ἔδοξαν
788 3933 879 4015 ἔμμεν
890 3948 926 4000 ul
941 3938 994 3999 καλ
1006 3947 1038 4001 el
1048 3934 1181 4007 πολίταις
1194 3936 1286 4002 artis.

167 4038 170 4046 ’
201 4045 278 4108 sime
290 4041 373 4104 inter
393 4058 429 4102 se
444 4039 637 4103 cohaereant.
668 4038 775 4103 deinde
786 4037 819 4101 in
830 4036 879 4102 his
893 4040 1035 4105 versibus
1052 4034 1104 4101 01.
1122 4045 1154 4114 2,
1172 4045 1212 4102 28
1221 4058 1285 4121 ss,

200 4146 332 4226 Δέγοντι
345 4139 376 4202 d’
401 4140 434 4203 ἐν
447 4143 499 4204 καλ
511 4139 655 4221 θαλάσσᾳ
668 4138 761 4204 Μετὰ
777 4137 898 4228 κόραισι
916 4147 1046 4229 Νηρῆος
1065 4140 1163 4212 ἁλίαις
1182 4140 1285 4219 βίοτον

200 4243 336 4328 ἄφθιτον
354 4241 427 4306 Ἰνοῖ
442 4241 587 4326 τετάχθαι
605 4239 658 4307 τὸν
677 4240 746 4306 ὅλον
766 4241 845 4325 ἀμφὶ
862 4243 983 4331 χρόνον,
1014 4244 1128 4310 nullum
1149 4261 1284 4325 agnosco

199 4346 254 4414 ιιαλ
265 4345 431 4432 porticulus
453 4345 653 4434 hyperbaton,
676 4367 822 4432 ιςιιοιοο,
846 4347 874 4412 si
894 4347 938 4413 ita
951 4348 1012 4429 vin,
1035 4343 1281 4433 praepositionis.
