2746 4950
736 299 779 367 52

215 470 438 556 Aristophanes
455 489 542 554 vesp.
566 474 648 536 1183
672 472 756 534 couti
770 472 822 534 661
836 469 874 548 δὴ
889 469 985 558 χωρεῖ
996 468 1031 534 τὸ
1045 469 1152 548 κακόν,
1176 472 1211 536 in
1236 492 1310 558 pace

217 580 280 641 912
294 575 336 647 ὥς
348 576 443 636 ταῦτα
457 569 533 647 δῆλά
545 568 576 653 7²
593 567 672 634 ἔσθ’·
704 573 720 636 ὁ
740 572 800 661 yoip
814 570 916 656 βωμὸς
928 571 1048 658 θύρασι
1063 574 1115 635 καὶ
1129 572 1181 651 δή,
1202 573 1310 663 Xeno-

217 676 298 764 phon
313 677 387 739 inst.
404 670 481 759 Cyri
495 680 528 751 1,
546 680 579 752 1,
599 681 634 738 11
654 673 762 738 ὁπόσοι
777 674 806 738 d'
823 673 861 744 dlv
873 672 911 736 τὰ
925 672 1072 755 πολεμικὰ
1085 672 1125 757 μὴ
1141 674 1309 767 ἀποφέρω-

219 800 267 841 σιν
282 777 369 852 ὅπλα,
392 776 441 837 ἐπὶ
460 773 584 847 τούτους
603 775 689 856 ἡμεῖς
707 777 760 838 καῖ
780 775 818 856 δὴ
834 774 1091 862 στρατευσόμεθαι
1113 779 1223 843 sedin
1239 783 1309 846 reli·

218 879 287 962 quis
300 889 424 963 praeter
437 878 719 962 metamorphoseon
734 878 828 943 libros
845 877 1029 943 carminibus
1046 875 1178 943 Ovidius
1195 881 1236 944 ab
1250 882 1310 948 ism

218 981 434 1064 particularum
456 979 654 1044 collocatione
676 1002 738 1044 non
759 979 918 1046 abstinuit.
958 981 1052 1044 multo
1081 991 1185 1044 tamen
1210 984 1308 1069 magis

218 1083 350 1147 orationi
364 1083 522 1167 eleganter
537 1082 766 1146 conformandae
782 1082 899 1146 studuit
918 1102 1005 1165 quam
1017 1079 1203 1165 Propertius
1219 1097 1311 1172 atquc

217 1186 294 1249 adeo
314 1184 475 1248 Tibullus:
507 1203 575 1247 nam
593 1202 678 1261 raro,
704 1193 737 1246 ut
758 1182 791 1246 in
812 1183 915 1247 multis
936 1204 1084 1248 versuum
1103 1184 1245 1268 milibus,
1269 1190 1309 1255 ita

217 1287 338 1349 locutus
359 1296 419 1349 661.
452 1287 591 1371 exempla
611 1295 645 1350 61
660 1285 706 1349 sic
725 1286 862 1350 collocati
877 1285 983 1348 inveni
998 1285 1030 1348 in
1045 1286 1131 1350 hisce
1146 1291 1309 1372 uersibus,

217 1386 285 1451 her.
302 1396 333 1465 1,
349 1394 402 1453 32.
426 1394 460 1469 2,
476 1395 529 1454 67.
553 1395 677 1466 6,118.
705 1395 827 1466 11,16,
851 1393 1060 1465 am.1,3,10.
1084 1396 1182 1467 1,55.
1208 1401 1308 1473 6,2-2.

218 1498 271 1555 11.
299 1496 603 1568 13,11.2,1,32.
628 1497 731 1567 6,10.
764 1496 866 1568 3,10,
884 1496 936 1554 32.
971 1497 1023 1567 12,
1042 1498 1092 1569 18,
1113 1512 1142 1556 6.
1161 1513 1191 1558 6.
1219 1503 1309 1575 1,66

218 1592 261 1676 (61
284 1602 385 1654 umen
403 1590 460 1653 hoc
484 1590 635 1654 distichon
652 1587 754 1656 Ovidii
777 1601 836 1668 est,
868 1593 1034 1673 quodcum
1059 1591 1190 1659 Heinsio
1211 1617 1310 1681 paene

218 1689 422 1776 negaverim).
445 1700 479 1769 2,
496 1699 569 1758 330.
585 1699 658 1758 676.
677 1700 710 1771 3,
726 1700 800 1759 360.
817 1698 898 1771 138,
908 1713 984 1756 rem.
1001 1701 1076 1772 216,
1093 1697 1166 1761 1661.
1188 1708 1307 1778 1,151.

219 1801 292 1858 166.
309 1799 385 1859 664.
409 1799 442 1871 6,
456 1802 509 1859 aa.
526 1801 600 1861 aro.
629 1803 661 1874 a,
678 1802 753 1860 766.
777 1804 809 1872 4,
824 1801 899 1860 767.
917 1802 991 1860 647.
1017 1805 1048 1880 6,
1063 1789 1114 1864 64.
1131 1806 1210 1867 666.
1230 1810 1306 1870 676.

218 1900 251 1973 6,
269 1901 342 1961 326.
363 1903 437 1960 711.
462 1908 552 1981 atque
575 1898 607 1961 in
626 1898 674 1963 his
690 1898 809 1982 quidem
831 1908 865 1960 61
884 1918 1005 1981 semper
1018 1911 1087 1983 post
1106 1923 1201 1967 unum
1214 1925 1308 1971 voca-

216 1995 320 2062 661661
339 1999 519 2064 collocatum
536 2012 596 2079 661,
620 2013 691 2085 post
709 2002 768 2064 dno
789 1999 892 2083 posuit
905 1997 1036 2064 Ovidius
1051 2023 1108 2066 am.
1126 2010 1158 2085 2,
1177 2013 1228 2087 16,
1249 2014 1304 2089 36,

217 2120 247 2163 6.
263 2121 292 2162 6.
310 2109 342 2177 3,
360 2106 434 2165 376.
452 2102 542 2185 paulo
558 2105 680 2187 saepius
695 2102 728 2166 in
742 2101 883 2165 tristibus
897 2111 929 2165 61
943 2102 975 2164 in
993 2104 1129 2188 epistolis
1141 2107 1303 2188 exPonto,

221 2219 349 2282 quorum
362 2201 542 2280 carminum,
577 2203 610 2266 in
629 2204 724 2267 exilio
739 2202 933 2287 scriptorum,
956 2205 1056 2271 minor
1074 2220 1119 2274 661
1136 2210 1297 2292 elegantia,

222 2300 314 2364 aliter
334 2311 425 2385 atque
441 2302 474 2366 in
494 2325 585 2388 prosa
598 2304 737 2368 oratione
749 2305 783 2368 lit
798 2315 831 2368 61
848 2305 1024 2389 particulam
1037 2308 1203 2376 collocavit:
1223 2323 1296 2395 post

219 2425 314 2468 unum
334 2403 514 2469 vocabulum
542 2406 720 2486 16161.1,3,
739 2414 791 2473 66.
823 2415 921 2486 1,10.
948 2418 1048 2490 5,11.
1075 2422 1106 2494 6,
1120 2422 1173 2480 31.
1196 2419 1297 2492 7,36.

218 2512 340 2582 2,172.
358 2513 432 2572 516.
457 2516 599 2587 3,1,10
621 2508 687 2593 (ubi
711 2510 843 2574 fortasse
872 2512 1064 2578 scribendum
1089 2527 1152 2580 661·
1165 2514 1301 2602 Iuotgo't).

218 2612 252 2685 2,
268 2614 323 2673 22.
353 2617 451 2685 1,11.
470 2617 522 2674 51.
553 2618 653 2688 7,12.
685 2618 806 2691 11,20.
841 2621 892 2691 11,
911 2621 963 2679 52.
992 2621 1024 2690 1,
1049 2620 1081 2691 3,
1101 2623 1154 2679 36.
1192 2627 1226 2695 1,
1252 2625 1305 2684 78.

219 2715 390 2787 5,28.29.
421 2717 452 2789 6,
470 2718 502 2777 2.
534 2719 566 2790 8,
584 2719 616 2778 2.
649 2720 681 2793 5,
700 2722 729 2792 1,
748 2722 800 2781 61.
832 2722 862 2793 5,
884 2722 935 2793 15,
950 2719 1004 2779 21.
1036 2721 1067 2791 7,
1083 2720 1137 2779 26.
1173 2725 1224 2793 10,
1250 2727 1306 2786 11.

220 2817 344 2890 12,18,
377 2833 417 2876 ex
431 2811 471 2878 P.
492 2823 634 2893 1,1,21.
666 2823 790 2895 2,126.
822 2825 853 2895 5,
869 2824 922 2883 36.
947 2821 978 2880 6.
996 2821 1048 2881 18.
1073 2823 1103 2893 7,
1120 2822 1173 2880 16.
1199 2824 1231 2896 8,
1248 2826 1306 2888 30.

218 2919 299 2991 2,2,
321 2920 392 2979 122.
423 2922 525 2994 3,12.
558 2925 589 2994 5,
606 2924 658 2984 66.
691 2926 722 2997 6,
741 2926 795 2985 36.
824 2926 856 2996 8,
874 2925 926 2984 35.
957 2923 1057 2995 9,12.
1083 2925 1114 2997 3,
1132 2925 1163 2997 3,
1181 2927 1231 2985 12.
1249 2930 1305 2992 70.

219 3023 250 3093 6,
265 3023 319 3083 66.
351 3024 381 3094 6,
400 3025 450 3086 64.
482 3028 513 3098 7,
534 3027 584 3086 16.
609 3028 642 3100 4,
660 3029 690 3100 1,
707 3028 760 3087 64.
785 3027 817 3098 6,
831 3027 884 3086 as.
903 3028 955 3085 64.
979 3028 1012 3097 4,
1026 3027 1080 3084 64.
1097 3027 1149 3084 ao.
1178 3028 1227 3098 aa,
1248 3030 1304 3089 64.

221 3125 408 3194 11,12.18.
436 3127 486 3197 16,
504 3128 561 3187 366
592 3135 661 3207 post
681 3126 739 3188 duo
757 3121 903 3184 vocabula
926 3120 1008 3180 trist.
1027 3125 1057 3193 5,
1076 3124 1176 3195 7,10,
1200 3141 1241 3181 cx
1261 3123 1304 3188 P.

217 3227 249 3298 1,
265 3227 297 3297 6,
317 3227 390 3286 131.
417 3229 468 3301 16,
483 3229 540 3288 33:
572 3236 641 3309 post
658 3225 718 3291 tria
739 3221 822 3286 trist.
841 3227 872 3298 5,
887 3226 919 3296 7,
933 3223 975 3283 21
998 3215 1111 3302 (Adsit
1130 3219 1171 3283 ad
1192 3222 1307 3290 6661616

216 3331 251 3384 61
265 3331 367 3386 tamen
388 3324 499 3390 umbro
521 3327 631 3412 locio):
660 3337 729 3413 post
749 3333 892 3410 quattuor
910 3341 953 3386 ex
975 3316 1014 3384 Ρ.
1040 3327 1069 3399 1,
1086 3327 1118 3399 1,
1135 3328 1177 3389 20
1201 3323 1305 3406 (Ante

216 3443 314 3485 mcum
338 3434 455 3509 tempus
478 3430 567 3510 cogit
586 3438 618 3488 61
631 3449 697 3490 csse
718 3430 848 3510 senem).
872 3437 935 3490 tum
956 3424 988 3487 iu
1005 3419 1102 3502 Ibide,
1125 3425 1222 3491 minus
1238 3423 1302 3488 ele-

217 3523 302 3606 ganti
325 3524 476 3600 carmine,
520 3534 591 3607 post
610 3544 703 3588 unum
724 3526 903 3591 vocobulum
922 3547 954 3590 v.
975 3533 1025 3591 11.
1045 3533 1118 3594 112.
1134 3534 1209 3594 230.
1224 3530 1300 3593 212.

217 3631 293 3691 362.
310 3632 384 3691 117.
404 3632 477 3691 511.
502 3637 597 3714 atquc
608 3625 785 3713 particulam
802 3629 898 3694 semel
909 3622 1040 3693 Ovidius
1056 3627 1093 3691 ab
1107 3628 1195 3690 initio
1207 3649 1305 3692 enun-

217 3727 287 3790 ciati
307 3728 448 3808 removit,
472 3727 500 3791 si
518 3739 619 3794 tamen
641 3729 763 3816 scripsit
782 3731 861 3815 quod
880 3752 909 3793 a.
931 3751 961 3794 a.
985 3737 1018 3807 3,
1039 3735 1136 3793 2816.
1160 3727 1303 3812 legimus,

221 3828 299 3912 Quis
315 3831 444 3894 credet?
465 3831 592 3896 1166661
610 3835 702 3897 etium
720 3833 826 3896 ridere
844 3831 986 3915 puellae,
1023 3827 1192 3909 Quaeritur
1210 3840 1306 3919 atque

216 3931 283 3995 illia
296 3931 356 3995 666
374 3953 494 4021 quoque
509 3946 606 4023 porte
628 3936 734 3998 decor.
766 3932 821 3995 sed
843 3930 949 4014 pungit
962 3951 1011 3994 me
1026 3927 1180 4010 singulare
1199 3951 1307 4000 exem-

216 4035 295 4116 plum
314 4032 392 4097 etin
412 4054 450 4099 eo
466 4037 600 4101 carmine
622 4036 778 4099 inventum
797 4033 875 4114 quod
891 4052 1006 4097 summa
1025 4040 1091 4093 arte
1112 4044 1306 4117 666616676-

215 4135 337 4216 politum
359 4147 419 4201 661.
454 4159 546 4222 quare
568 4157 665 4221 paene
683 4133 821 4219 suspicor
842 4156 904 4198 non
920 4142 1013 4216 atque
1038 4151 1104 4196 cum
1127 4133 1305 4220 scripsisse,

214 4234 269 4297 sed
284 4257 377 4322 apoc,
399 4260 458 4324 quo
472 4239 567 4302 utitur
581 4238 648 4302 her.
664 4228 706 4316 ⁸6,
726 4243 799 4318 156,
823 4259 866 4303 ex
879 4232 918 4298 Ρ.
935 4240 965 4310 1,
982 4239 1015 4311 6,
1031 4243 1084 4301 18.
1108 4234 1140 4296 in
1162 4245 1197 4297 61
1212 4240 1306 4320 parti·

214 4336 299 4400 culae
315 4339 513 4404 collocatione
534 4339 734 4424 aquiudeoim
749 4336 885 4424 epistolis
907 4353 980 4419 111161
995 4336 1065 4421 quin
1081 4331 1207 4404 Ovidius
1228 4341 1305 4407 sert·
