2746 4950
648 285 692 375 ,²⁸

132 479 187 543 pra
205 455 332 523 vidimus
355 456 524 539 exemplum
551 456 585 519 in
608 475 669 521 non
690 455 847 523 intellecto
868 457 961 541 teila)
989 467 1021 521 et
1047 452 1233 521 scriberent

133 558 314 625 horribiles.

220 657 284 729 Sed
295 657 462 725 rationibus
476 657 553 723 hanc
565 658 807 725 emendationem
828 679 865 723 eo
880 656 1047 724 accuratius
1063 656 1232 738 stabilien-

135 766 202 830 dam
225 782 296 829 esse
320 759 419 825 sentio
443 782 500 843 quo
522 762 608 845 plura
628 761 741 827 ei-non
757 761 823 825 sine
838 758 981 827 veritatis
995 758 1094 843 specie
1111 760 1233 842 opponi
1292 795 1293 826 i

135 875 273 953 possunt.
304 882 372 927 nam
394 862 423 927 si
442 863 591 928 scribatur
608 864 686 948 quod
700 864 837 946 equidem
857 863 1048 928 scribendum
1062 881 1135 924 esse
1153 881 1233 927 oon·

134 965 212 1046 ieci,
241 965 429 1030 diversarum
457 965 615 1050 regionum
637 966 905 1045 enumerationem,
943 986 1000 1048 qua
1019 964 1076 1029 hoc
1098 983 1233 1031 carmen

137 1089 281 1135 exorsum
294 1077 356 1146 est,
379 1068 530 1133 lucidenta
548 1068 744 1133 conclusione
757 1069 873 1134 absolvi
886 1079 974 1150 atque
990 1078 1132 1148 tanquam
1152 1076 1233 1131 ante

137 1172 240 1237 oculos
256 1191 328 1235 sese
340 1168 428 1233 nobis
444 1170 547 1253 pulcre
561 1190 675 1252 ponere
692 1166 855 1249 Catullum,
872 1170 997 1254 primum
1009 1168 1108 1250 Alpes
1120 1176 1233 1234 mans·

137 1272 337 1358 gredientem,
360 1271 468 1336 deinde
489 1272 527 1335 ed
542 1270 696 1351 Rhenum,
719 1283 781 1337 tum
796 1273 834 1336 ad
847 1292 931 1337 mare
946 1267 1116 1349 Oceanum,
1139 1269 1236 1354 deui-

138 1395 195 1460 que
214 1375 252 1439 ad
270 1374 354 1458 ipsos
377 1372 497 1438 ultimos
517 1374 550 1437 in
572 1385 722 1441 terrarum
742 1374 816 1441 orte
836 1372 1003 1439 Britannos
1024 1372 1148 1454 longum
1168 1371 1236 1437 iter

138 1477 375 1555 continuantem,
400 1476 474 1539 haec
493 1477 586 1559 igitur
598 1477 686 1543 facilc
699 1476 805 1558 aliquis
817 1475 1019 1552 concesserit,
1040 1473 1096 1538 sed
1112 1472 1237 1539 dixerit

136 1581 204 1664 ipso
221 1575 338 1643 Oceani
350 1576 508 1655 vocabulo,
533 1577 561 1640 si
576 1576 633 1640 hoc
647 1577 807 1656 voluisset,
830 1589 939 1662 poetae
953 1576 1095 1641 utendum
1107 1573 1234 1645 fuisses

136 1679 222 1744 verbi
243 1697 335 1741 causa
348 1679 428 1741 hunc
444 1698 567 1742 versum
588 1679 690 1743 iacere
709 1699 778 1745 eum
797 1680 944 1762 potuisse,
974 1668 1129 1743 Guil'a'cnm
1143 1676 1233 1743 lilin-

135 1803 207 1846 oum
234 1777 448 1863 Oceanumque
467 1789 497 1842 et
515 1789 655 1844 extrem
674 1780 748 1845 orbe
769 1781 965 1846 Britannos.-
1003 1779 1131 1844 scivisse
1154 1780 1234 1861 qnid

137 1893 206 1966 apte
220 1881 373 1949 diceretur
384 1877 554 1959 Lucanum,
571 1882 649 1966 apud
665 1904 752 1966 quem
764 1882 877 1966 primus
891 1883 968 1967 pilus
986 1878 1130 1947 Caesaris
1145 1877 1235 1946 Lae·

138 1983 197 2049 lius
219 1984 295 2049 haec
313 1983 450 2066 graviter
469 1984 607 2067 loquatur
630 1994 660 2063 1,
677 1991 752 2062 369,
788 1983 878 2051 Hace
898 2006 1021 2061 manus,
1056 1993 1094 2047 ot
1109 1984 1233 2051 vicima

76 2073 85 2087 ’
134 2096 212 2173 post
232 2095 325 2169 terge
345 2085 541 2168 reicioqueret
563 2085 680 2162 crient,
724 2084 845 2150 Oceani
872 2086 1007 2151 tumidas
1034 2106 1118 2149 remo
1146 2106 1233 2150 com-

136 2188 266 2273 pescuit
284 2184 400 2260 medos,
421 2185 540 2270 Fregit
552 2195 584 2249 et
593 2186 718 2250 Arctoo
731 2196 921 2271 spumantem
941 2188 1059 2252 vertice
1073 2183 1230 2252 Menum.

140 2287 206 2371 ipse
219 2304 343 2368 pergam
354 2305 439 2350 arma
451 2286 664 2358 subministare
677 2287 873 2355 adversariis.
897 2289 975 2372 apud
988 2288 1114 2353 eundem
1127 2282 1231 2353 Luca·

141 2410 223 2466 num,
239 2395 271 2466 2,
293 2393 354 2452 568
363 2408 424 2464 ss,
449 2384 610 2472 Pompeius
628 2390 696 2452 dum
710 2389 820 2454 milites
837 2412 909 2455 suos
922 2390 1094 2473 alloquitur,
1110 2389 1141 2452 in
1152 2387 1227 2455 Gae-

141 2512 249 2558 sarem.
264 2488 374 2557 eoerbe
395 2500 427 2553 et
449 2491 666 2559 connumeliose
695 2492 742 2558 his
762 2493 865 2566 verbis
888 2492 1051 2571 invehitur,
1081 2492 1230 2554 multisne

141 2593 268 2658 rebellis
286 2590 396 2657 Gellio
418 2591 480 2654 iam
495 2594 606 2657 lustris
622 2604 771 2678 aetasque
784 2597 923 2677 zirqreuso
940 2593 1047 2658 labori
1057 2591 1147 2656 Darat
1160 2597 1232 2659 nni·

140 2697 228 2760 mos?
249 2690 354 2758 Rheni
368 2691 488 2777 gelidis
508 2693 696 2778 quodfitgit
716 2693 756 2760 ab
775 2694 868 2758 nodis
885 2693 1099 2778 Oceanumque
1115 2715 1234 2759 coccias

141 2797 257 2862 incerti
275 2805 393 2878 singna
405 2794 565 2879 eripiendi
581 2795 709 2862 Territa
728 2797 881 2881 quaestiie
896 2795 1033 2861 ostendit
1047 2804 1141 2879 tergo
1153 2793 1231 2857 Bri-

141 2897 270 2961 mnne?
291 2906 376 2959 recte
391 2895 529 2978 quideme
554 2919 623 2963 nom
639 2899 716 2980 qnod
726 2893 881 2966 Oceanum
896 2899 1008 2984 primus
1023 2896 1229 2961 Romanorum

140 2999 239 3063 classe
276 2996 430 3081 navigavit
462 2998 584 3084 insigne
621 3001 658 3069 ad
696 3001 814 3067 laudem
851 2997 979 3067 Caesari
1014 3009 1091 3061 erat.
1137 3016 1230 3074 quare

139 3095 322 3161 Plutarchus
342 3099 416 3160 haec
440 3101 511 3160 dicit
534 3100 627 3164 Caes.
644 3109 685 3166 2³
707 3104 727 3175 ἦ
751 3101 781 3160 d’
805 3101 854 3159 ἐπὶ
867 3100 936 3168 τοὺς
950 3088 1123 3176 Bpetarods
1138 3109 1229 3166 ⁰190·-

138 3198 202 3260 τεία
215 3192 270 3272 τὴν
291 3194 345 3276 μὲν
363 3194 474 3278 τόλμαν
496 3194 573 3279 εἶχεν
595 3197 778 3276 ὀνομαστήν·
802 3196 922 3277 πρῶτος
940 3190 1000 3275 yolp
1023 3188 1063 3258 εἷς
1075 3180 1127 3248 τὸν
1140 3185 1225 3244 ἕσπέ-

140 3324 207 3384 pcor
225 3293 372 3361 Ὠκεανὸν
402 3296 491 3382 ἐπέβη
520 3295 616 3381 στόλῳ
645 3298 698 3359 ecl
720 3293 773 3358 διὰ
791 3296 845 3369 τῆς
863 3290 1052 3362 Ἀτλαντίδος
1077 3283 1228 3360 θαλάττης

118 3462 121 3466 .
140 3398 268 3485 στρατὸν
282 3401 330 3462 ἐπὶ
343 3399 472 3482 πόλεμον
486 3403 618 3484 κομίζων
629 3397 768 3464 ε”πλευσεν
783 3408 815 3461 et
825 3417 902 3479 φιλο
918 3403 1094 3479 sequanmur,
1119 3398 1151 3451 el
1162 3384 1226 3448 Eu-

140 3500 259 3565 menius
284 3521 354 3584 pan.
374 3497 484 3565 Const.
504 3509 556 3578 ll,
579 3500 624 3564 cd
642 3500 702 3561 loc
722 3498 818 3582 inquit
838 3500 924 3561 nodo
939 3499 1033 3561 etiam
1049 3505 1121 3558 tunc
1136 3487 1227 3552 medis

142 3613 175 3667 et
193 3602 271 3668 solis
289 3600 445 3668 Britanni
467 3599 567 3667 Pete
596 3599 685 3664 modo
711 3599 1050 3664 collimitaneae·
1073 3591 1226 3665 dontibus,

142 3704 246 3771 adhuc
269 3703 434 3780 emend,
457 3701 564 3788 scocie
585 3702 735 3769 Romane
757 3705 854 3770 omos
874 3706 1037 3789 regemque
1057 3702 1229 3768 cessentur,

138 3826 242 3892 prope
255 3815 293 3871 ut
303 3805 362 3870 too
376 3824 437 3870 unc
456 3804 576 3873 Caesar
586 3808 731 3893 gloriari
742 3809 775 3870 in
799 3806 857 3867 illc
874 3802 1074 3888 expeditione
1089 3793 1234 3859 debuerit

146 3906 232 3994 quod
242 3907 429 3992 ememor
444 3907 609 3985 Oceanum,
628 3908 679 3972 ubi
693 3929 755 3971 non
769 3906 863 3989 probo
877 3905 953 3988 quod
968 3900 1007 3967 G.
1016 3899 1057 3966 L.
1066 3893 1231 3964 Walchius

142 4010 180 4074 ad
194 4006 270 4073 Tac.
292 4007 373 4093 tgr.
394 4031 425 4094 p.
441 4017 503 4077 209
524 4009 681 4095 proposuit
700 4009 779 4073 solis
800 4007 978 4072 Britannis.
1021 4000 1161 4068 similiter
1179 3995 1233 4058 alii

143 4109 310 4194 scriptores
334 4133 402 4177 cum
423 4113 461 4179 de
482 4112 676 4197 expeditione
697 4107 876 4176 Britannica
891 4106 1035 4175 Caesaris
1053 4107 1229 4187 loquuutnr,

145 4207 262 4277 Oceeui
276 4212 436 4292 vocabulo,
458 4225 491 4278 ut
505 4235 560 4298 par
572 4225 634 4292 ost,
656 4223 792 4278 utuntur.
813 4212 846 4276 in
861 4211 989 4295 epitome
1003 4205 1086 4274 Livii
1104 4201 1142 4270 ab
1155 4197 1232 4265 urbe

145 4313 266 4383 math
276 4315 497 4391 tantoties
508 4316 650 4402 legimns,
667 4311 978 4383 Caesar-litonum
986 4301 1231 4381 trossffll*
