2736 4958
77 498 139 564 illis
161 496 342 561 seminibus
357 514 470 565 sersus
490 494 546 558 heo
566 492 727 561 oomsione
751 491 818 554 dats
841 490 1017 555 emendabo.
1039 491 1073 555 in
1094 512 1162 559 aar

76 600 157 665 mins
171 607 204 676 d,
226 620 260 665 s.
273 606 366 675 its,
391 595 577 681 Calpurnius
597 616 722 659 cervum
741 615 808 657 cum
823 593 982 671 describit,
1000 593 1075 659 haec
1090 594 1162 659 suh·

76 701 189 785 iungit,
209 701 240 766 si
255 700 409 765 codicibus
422 699 592 777 credimus,-

207 800 334 867 θυμω
353 802 486 866 ¹sssitilos
505 820 689 886 mumque
711 808 850 884 turpiora
870 797 979 861 nudior
1108 836 1111 841 -

204 904 388 990 Impie'cuere
407 925 520 969 rosae.-
774 922 777 927 ·
816 928 819 935 ·

78 1006 241 1090 scripsisse
251 1006 373 1070 videtur

208 1106 333 1172 Cornua
353 1106 500 1172 sutilibus
520 1125 707 1192 ramosaque
729 1114 866 1188 tempora
887 1102 978 1166 nodet

205 1209 389 1295 implicuere
410 1230 512 1273 rosae.

77 1312 109 1373 in
124 1311 228 1395 ecloga
248 1322 348 1375 entem
362 1317 395 1389 9,
415 1332 448 1373 v.
462 1317 502 1375 53
513 1331 556 1386 s.,
579 1317 736 1391 postquam
759 1325 881 1369 carmen
903 1301 975 1370 Idae
993 1307 1077 1389 pueri
1099 1317 1162 1371 ret·

77 1412 190 1475 tulerat
210 1423 311 1496 poete,
339 1410 466 1473 alterius
487 1409 572 1493 pueri
587 1406 714 1471 Alconis
737 1427 859 1470 carmen
889 1419 1060 1491 praeparat.
1107 1409 1161 1472 sed

77 1513 212 1596 ineptum
233 1523 281 1576 est
323 1511 381 1575 uod
407 1511 440 1574 in
463 1509 549 1574 lihris
569 1508 694 1599 legitur,

203 1613 294 1679 Haec
334 1614 392 1678 das
414 1612 555 1677 colunne
581 1622 616 1675 tn
635 1631 716 1698 quoe
737 1610 936 1699 responderit
955 1606 1061 1676 Alcon

208 1714 247 1779 V
242 1738 328 1795 men,
351 1715 484 1791 Phoebe,
507 1714 611 1798 refice:
641 1724 714 1777 sunt
741 1734 841 1778 nureo
861 1715 1003 1778 carmina
1024 1712 1158 1778 Phoebo.

79 1817 270 1881 scribendum
292 1828 353 1896 est,
379 1828 414 1880 ut
428 1815 500 1879 mihi
515 1815 633 1896 quidem
653 1815 787 1893 videtur,
810 1826 886 1881 sunt
904 1837 1000 1880 coros
1020 1818 1162 1880 cremina

79 1917 215 1982 Phoebo.
239 1939 307 1981 nam
322 1917 477 2000 praeclara
493 1935 564 1978 esse
580 1915 732 1998 Apollinis
747 1917 880 1979 carmina
891 1927 1014 1999 praeter
1033 1938 1097 1980 rem
1117 1916 1161 1979 di-

79 2028 164 2081 ceret
184 2010 285 2100 poeti,
308 2027 377 2101 epte
400 2026 501 2080 autem
520 2016 656 2098 loquutur
671 2037 740 2080 cum
763 2016 799 2080 ab
817 2018 972 2101 Apolline,
997 2017 1162 2082 carminum

79 2130 205 2185 auctore
220 2131 252 2183 ει
264 2118 363 2183 omnis
378 2117 481 2202 poesis
496 2117 648 2201 praeside,
672 2115 748 2199 petit
766 2118 885 2201 utquid
900 2121 999 2183 Alcon
1014 2119 1162 2183 cecinerit

77 2223 201 2285 referat.

163 2321 268 2408 Itaque
297 2321 486 2387 Pharsaliam
516 2342 558 2385 ex
586 2321 719 2384 carmine
748 2318 862 2385 Catulli
890 2320 1047 2386 Pontanus
1075 2334 1160 2388 recte

79 2425 219 2487 removit.
267 2425 320 2488 sed
350 2424 428 2487 alius
450 2422 586 2486 eiusdem
614 2423 757 2486 carminis
780 2444 892 2487 versus
918 2423 1054 2509 turpibus
1076 2424 1161 2488 vitiis

78 2524 206 2588 laborat.
232 2536 396 2589 narrantur
405 2524 448 2587 ihi
470 2525 545 2589 haec
567 2524 637 2587 inde
660 2544 677 2586 a
698 2544 793 2587 versu
815 2531 877 2590 285
901 2523 945 2612 (p.
962 2533 1015 2604 5¹,
1033 2531 1159 2607 itus),

209 2625 381 2711 Confestim
403 2625 516 2690 Penios
538 2625 640 2702 adest,
663 2625 835 2690 viridantia
861 2624 985 2712 Tempe,

211 2728 333 2814 Terapse,
355 2748 435 2815 qnae
456 2728 556 2792 silone
576 2729 711 2813 cingunt
728 2749 823 2813 super
843 2728 1064 2813 impendentes,

205 2827 355 2893 Minosirn
376 2830 517 2915 linquens
543 2829 631 2892 doris
652 2829 840 2894 celebrando
861 2830 993 2893 choreis.

79 2931 224 2995 mendosa
244 2931 389 2996 vocabula
411 2931 499 2995 multi
520 2930 620 2994 conati
642 2941 715 2993 sunt
736 2932 905 3016 corrigere,
930 2932 983 2996 sed
1006 2942 1041 2995 ut
1062 2954 1160 3016 neque

77 3052 183 3096 verum
204 3031 381 3097 invenirent
401 3054 500 3116 neque
522 3033 663 3097 refellere
686 3052 740 3097 eos
763 3054 839 3117 opus
854 3033 906 3097 sit.
945 3053 987 3097 ex
1000 3054 1048 3097 me
1064 3034 1160 3117 siquis

78 3144 205 3216 quatum
216 3135 396 3218 quibusnam
408 3132 534 3199 Peneus
549 3133 664 3219 Tempe
686 3132 806 3198 choreis
829 3134 1010 3200 celebranda
1030 3137 1161 3220 relique-

77 3234 131 3310 rit,
153 3239 323 3317 respondeo
343 3235 508 3322 Nymphis.
543 3235 695 3301 Minosirn
715 3236 812 3318 igitur
830 3237 905 3300 illud
928 3237 1068 3322 suspicor
1089 3259 1160 3304 csse

78 3333 227 3398 Nuiusin.
267 3356 334 3397 nam
357 3332 485 3398 Graecis
515 3336 582 3399 eins
604 3335 684 3399 modi
706 3336 815 3402 dativis
839 3358 893 3402 cnr
912 3336 1106 3423 Propertium
1128 3351 1161 3405 et

79 3430 221 3497 Ovidium
242 3435 354 3519 primos
370 3457 444 3501 usos
460 3457 531 3501 esse
546 3437 665 3501 credam
688 3440 798 3503 nullam
819 3440 909 3504 video
931 3460 1002 3505 esse
1024 3462 1157 3506 oensem.

79 3534 221 3600 similiter
253 3534 462 3603 Bernnrdinus
498 3538 649 3605 Realinus
691 3541 882 3607 scribendum
921 3562 993 3608 csse
1029 3544 1161 3609 coniecit

77 3633 236 3701 Noshdnnt
258 3640 401 3725 lonqucns
422 3640 520 3702 clares
540 3641 729 3706 celebrando
751 3644 885 3707 choreis.
930 3644 985 3708 scd
1007 3645 1159 3728 genitivus

78 3755 169 3803 casm
197 3760 216 3805 a
244 3740 379 3806 codicum
405 3738 515 3804 litteris
537 3739 659 3823 longius
683 3742 787 3821 distat,
810 3743 848 3807 ad
869 3744 1037 3839 orationem
1058 3747 1158 3811 minus

78 3847 165 3920 aptus
187 3853 237 3904 est
256 3863 343 3926 φιεω
367 3841 506 3907 dativus:
538 3840 645 3906 deinde
668 3843 705 3907 de
727 3844 819 3908 claris
840 3845 961 3912 choreis
987 3867 1088 3912 sermo
1109 3849 1157 3912 hic

77 3958 149 4003 esse
171 3950 274 4024 potest
292 3944 407 4008 nullus.
451 3946 575 4009 fuerunt
596 3944 648 4027 qni
669 3944 752 4009 doris
775 3946 895 4011 choreis
917 3947 1083 4032 significari
1103 3971 1158 4034 pu-

76 4050 179 4105 tarent
199 4038 313 4107 Don‘ca
332 4055 421 4110 veste
443 4045 590 4110 saltantes
612 4045 811 4131 iuberentque
825 4068 882 4112 nos
900 4050 1056 4114 recordari
1070 4072 1157 4134 quam

77 4160 168 4225 saepe
196 4144 318 4208 nomina
337 4145 459 4231 propria
486 4147 703 4213 adiectivorum
725 4149 974 4234 significationem
997 4150 1155 4216 haherent.

76 4241 244 4324 crederem,
267 4245 295 4309 si
317 4268 438 4312 nossem
460 4247 578 4332 aliquos
600 4247 721 4315 Doros=
751 4252 824 4315 novi
844 4262 961 4315 nutum
983 4251 1085 4318 Ilorcs
1106 4254 1157 4318 vel

76 4338 260 4423 Dorienses,
282 4348 333 4430 qui
353 4369 371 4412 a
392 4347 478 4413 Doro
499 4359 620 4433 gentem
643 4362 674 4414 et
695 4373 806 4418 nomen
825 4353 950 4418 ducunt.
993 4366 1042 4420 est
1062 4356 1157 4439 igitur
