2746 4950
647 229 690 295 tt

131 405 217 489 posui
238 403 366 468 elisione
387 421 447 464 non
468 419 540 464 raro
565 419 638 464 usus
659 399 759 464 inerat
774 396 911 476 Statiue,
937 398 1072 463 illenim
1095 409 1236 484 utroque

131 504 308 571 Achilleidis
321 503 398 568 libro
413 501 548 567 studiose
564 519 633 564 eam
646 498 802 567 deviavit.
824 510 958 567 ceterum
970 499 1037 567 beai
1050 519 1117 564 non
1129 503 1238 584 potuit

131 607 248 692 quirin
262 618 322 671 mm
340 604 448 688 pusilla
468 603 645 688 quaestione
665 602 819 669 oculorum
841 600 938 667 aciem
956 600 1006 666 bic
1025 599 1090 666 illic
1112 602 1237 686 aliquid

133 709 264 784 falleret,
286 725 342 770 nec
357 716 479 791 propter
494 706 571 770 banc
586 725 677 770 unam
689 723 810 769 causam
826 698 982 787 poetarum
995 703 1137 776 earmina
1162 725 1237 788 per*

132 809 211 893 legi:
235 807 290 872 sed
303 808 414 892 singuli
427 808 541 892 aliquot
560 826 680 874 errores
705 807 829 873 summis
848 823 949 872 rerum
971 805 1098 875 multum
1118 805 1239 873 obesse

134 931 194 973 non
209 919 360 993 poterant.

652 1131 706 1201 lv

137 1314 189 1381 ax
211 1316 257 1380 bis
279 1317 371 1402 icatur
393 1317 514 1380 minutis
528 1316 627 1380 rebus
646 1315 723 1402 (nisi
743 1316 821 1400 prod
834 1316 868 1381 in
882 1326 948 1381 arte
962 1317 1168 1400 grammatica
1183 1332 1241 1386 aut

136 1417 211 1482 nihil
224 1439 348 1506 parvum
363 1428 411 1482 est
424 1428 477 1480 aut
488 1437 629 1500 magnum
646 1417 737 1498 nihil)
759 1417 795 1480 ad
818 1417 877 1482 alia
896 1417 1027 1483 libenter
1044 1428 1182 1487 transeo
1203 1434 1242 1488 et

137 1520 223 1601 qnasi
237 1538 368 1600 emerge.
395 1517 452 1580 etsi
465 1517 545 1581 enim
559 1517 637 1599 quod
653 1518 729 1600 apud
751 1515 885 1581 Gellium
906 1520 1065 1585 verissime
1088 1521 1136 1586 ait
1154 1519 1240 1589 Pro-

137 1618 193 1681 bus
208 1615 363 1695 Valerius,
386 1619 413 1681 si
425 1637 548 1682 versum
560 1638 687 1702 pangas,
709 1637 772 1680 non
784 1617 935 1685 finitiones
948 1623 1169 1704 praerancidas
1181 1647 1239 1693 ne·

137 1737 194 1802 qne
210 1719 371 1784 loetutinas
384 1720 595 1803 grammaticas
606 1719 786 1804 spectandas
801 1739 889 1800 esse,
911 1724 966 1787 sed
979 1744 1084 1789 aurem
1095 1724 1238 1795 interro·

138 1819 279 1904 gandam,
302 1821 339 1884 ad
360 1841 416 1886 nos
437 1823 488 1906 qui
509 1842 579 1888 sero
596 1822 730 1887 vivimus
751 1823 794 1888 its
814 1823 945 1908 pertinet
965 1834 1000 1888 ut
1015 1826 1234 1908 inquirendum

140 1921 226 1987 nobis
239 1924 280 1988 sit
295 1925 364 2009 qnid
378 1925 525 2010 placuerit
538 1924 661 1990 auribus
679 1936 817 1997 veterum
838 1936 1010 2008 poetarum,
1033 1926 1110 2010 quid.
1125 1929 1235 2014 displi-

140 2024 249 2102 cuerit,
272 2028 420 2089 tamenin
435 2028 575 2108 graviore
589 2027 676 2110 paulo
690 2036 744 2089 aut
765 2035 848 2089 certe
865 2027 964 2092 minus
978 2027 1080 2093 ieiuna
1095 2029 1231 2115 disputa·

139 2127 222 2188 tione
238 2145 359 2206 operam
373 2134 508 2188 nostram
521 2127 677 2189 iucundius
685 2125 909 2203 collocabimus.
924 2149 1016 2213 quare
1029 2132 1066 2194 ad
1075 2127 1228 2197 Catullum

140 2233 300 2304 revertor,
324 2226 409 2290 cuim
429 2235 569 2289 octavum
589 2246 710 2290 carmen
727 2225 887 2291 emendare
905 2240 995 2293 antea
1010 2243 1226 2299 conatussnm.

141 2325 309 2408 proximum
325 2348 447 2391 carmen
461 2327 646 2392 etdecimum
660 2325 875 2395 Lachmannus
889 2329 933 2394 ita
941 2334 1096 2399 constituit
1108 2345 1143 2400 ut
1156 2337 1227 2403 nibil

143 2427 269 2493 babeam
284 2431 362 2512 quod
375 2431 500 2495 addam:
518 2451 588 2494 nam
601 2431 634 2494 iu
649 2432 764 2496 decimo
779 2429 1035 2516 nonL.Va1ium,
1051 2437 1234 2505 familiarem

142 2526 275 2607 Horatii,
297 2532 544 2605 commemorari,
568 2549 644 2611 quae
661 2532 763 2612 opinio
783 2533 884 2595 fadaoi
904 2537 1006 2616 specio
1020 2559 1115 2622 nuper
1130 2539 1236 2608 fucate

7 2712 12 2720 ¹
143 2639 209 2708 est,
233 2630 286 2693 sed
308 2626 444 2707 Varum,
462 2614 502 2692 'ut
514 2638 599 2691 recte
617 2630 770 2694 intellexit
782 2629 1017 2717 Lachmannus,
1041 2649 1072 2702 er
1091 2642 1159 2723 quis
1178 2643 1237 2710 ἤιε

143 2727 233 2795 inerit
246 2729 361 2809 Varus,
376 2733 490 2797 rectius
505 2730 698 2812 expositurus
714 2753 783 2799 esse
796 2734 866 2800 milri
880 2736 986 2803 videor
999 2740 1030 2805 in
1043 2741 1103 2808 alio
1114 2742 1233 2822 libello,

142 2833 176 2896 5¹¹
190 2853 247 2914 luo
262 2835 300 2896 de
315 2832 379 2897 vita
391 2844 423 2896 et
436 2831 618 2898 carminibus
632 2830 744 2902 Catulli
752 2837 909 2906 disseram.
926 2844 981 2908 sed
995 2845 1150 2911 undecimo
1162 2862 1235 2906 car-

143 2934 216 2999 mini
239 2936 476 3002 emendationem
497 2956 583 3020 quam
606 2939 738 3024 postulat
760 2942 870 3008 afferre
888 2945 1016 3009 sortasse
1037 2963 1167 3023 possum.
1190 2943 1232 3001 de

145 3058 203 3122 quo
218 3039 351 3102 carmine
366 3041 416 3123 qni
430 3040 580 3103 subtiliter
591 3041 753 3124 disputarit
764 3043 920 3120 Augustus
929 3030 1229 3101 FerdinaridusNae·

145 3141 226 3221 lius,
240 3141 378 3206 iniudice
392 3141 601 3206 scholarumin
613 3135 928 3204 anadnminBonnensi
942 3134 1011 3198 inde
1023 3133 1060 3199 ab
1069 3141 1229 3199 auctumno

146 3245 219 3309 anni
242 3252 323 3313 1823
345 3244 529 3324 habitarum,
559 3243 634 3308 scite
655 3238 872 3308 denominavit
888 3259 949 3323 qna
971 3247 1072 3303 mente
1092 3232 1231 3302 Catudlus

147 3358 207 3409 tam
224 3347 406 3412 luculentum
421 3360 541 3429 tempure
552 3347 740 3431 magnifieum
754 3363 872 3429 poema,
895 3342 949 3408 sed
964 3340 1041 3425 quod
1056 3348 1231 3422 conceptam

148 3447 304 3531 gravitatis
324 3448 492 3530 opinionem
514 3448 613 3512 subito
639 3445 792 3522 destituit,
822 3445 991 3509 condidisse
1013 3441 1233 3509 existimandus

150 3557 243 3612 esset.
267 3547 385 3611 scilicet
403 3549 557 3631 splendida
577 3548 804 3634 longinquarum
821 3547 979 3632 regionum
993 3543 1231 3616 enumeratione,

149 3651 181 3714 in
196 3669 269 3732 quas
284 3669 354 3713 sese
375 3661 531 3716 secuturos
551 3652 623 3716 dicit
641 3648 766 3717 Furium
785 3660 817 3715 et
836 3649 1013 3722 Aurelium,
1035 3648 1234 3726 importunam

150 3749 347 3814 esurientium
369 3751 613 3818 homunculormn
633 3754 841 3818 assiduitatem
855 3748 981 3820 irridet,
1005 3754 1117 3808 etcum
1135 3743 1235 3826 omnia

153 3870 345 3938 quaeeunque
368 3853 445 3917 ierat
466 3853 605 3918 voluntas
629 3851 769 3912 caelitum
790 3853 909 3908 tentare
935 3845 1024 3910 simul
1050 3847 1147 3930 parati
1175 3846 1237 3909 sint

152 3952 257 4020 miseri
271 3952 413 4032 famelici,
435 3951 510 4016 nibil
522 3965 704 4036 magnopere
718 3945 842 4010 mduum
856 3946 895 4013 ab
910 3948 955 4014 eis
969 3948 1111 4032 postudet,
1135 3947 1189 4011 sed
1202 3957 1237 4009 ut

154 4054 282 4122 Clodiae
296 4054 439 4120 nuncient
458 4072 555 4136 pauca
575 4046 733 4114 nonbou
754 4047 843 4116 dicta.
866 4069 971 4116 verum
989 4049 1150 4135 illaquam
1172 4047 1237 4113 dixi

155 4159 310 4242 splendida
329 4153 602 4223 remotissimarum
616 4148 772 4234 legion
791 4154 976 4219 enumeratio
997 4155 1040 4220 ita
1060 4150 1240 4216 terminatur

157 4262 188 4326 in
204 4260 356 4326 codicibus
371 4261 415 4344 (p.
433 4264 466 4335 7,
480 4261 500 4323 8
515 4257 578 4338 ss.)
598 4261 632 4319 ut
646 4271 665 4319 a
679 4248 801 4324 Catullo
822 4254 932 4338 scripta
954 4276 1024 4322 esse
1045 4275 1105 4319 nou
1125 4261 1235 4337 potest.
