2746 4950
607 317 629 380 b

80 513 167 578 qnam
187 493 224 555 dc
238 511 272 555 se
286 489 450 575 praedicat.
481 509 575 574 quare
588 488 700 552 multus
715 496 764 551 est
778 486 811 550 in
826 484 1026 552 desorlbenda
1039 485 1164 550 relictae

78 615 148 658 ase
163 593 281 677 puellae
298 591 380 655 tristi
396 589 561 654 solitudine
576 599 668 672 atque
682 587 714 653 in
729 588 790 653 fine
810 587 953 653 carminis
967 587 1078 653 iterum
1094 607 1164 651 sese

80 705 115 760 ut
128 694 259 759 obduret
278 693 466 758 adhortatur.
498 713 606 756 verum
619 690 694 754 haec
709 700 847 754 extrema
861 710 932 776 pars
953 689 1096 753 carminis
1111 689 1165 752 ali·
1221 676 1223 681 ¹

81 808 130 860 ter
142 796 232 860 hodie
245 795 360 880 legitur
370 805 461 878 atque
475 815 494 858 a
509 789 631 858 Catullo
644 791 758 875 scripta
770 803 830 856 est.
860 791 981 857 codices
997 791 1077 856 enim
1091 791 1165 855 baec

81 899 229 981 praebent
243 907 288 981 (p.
305 904 337 975 5,
354 897 450 977 tiss.)

249 997 288 1061 V
283 999 346 1071 ale,
361 998 485 1083 puella.
510 999 573 1061 iam
598 994 744 1061 Catullus
767 995 915 1079 obdmat,

245 1099 316 1165 Nee
336 1109 369 1164 te
388 1099 532 1184 requiret
550 1120 608 1164 aec
628 1097 759 1184 rogabit
777 1098 926 1162 iamlam:

244 1202 298 1268 Aa
317 1211 352 1265 ta
373 1199 504 1276 dolebis,
527 1221 597 1264 aare
616 1199 784 1285 rogaberis
805 1199 905 1263 nulls.

246 1302 399 1380 Scelesta,
421 1322 462 1366 ae
482 1311 524 1365 te.
553 1322 634 1388 qaae
655 1301 717 1364 tibi
734 1309 841 1365 maaet
858 1303 945 1364 cita!

249 1405 327 1487 Qais
348 1425 431 1468 carae
453 1412 484 1464 te
505 1401 630 1464 odibit?
657 1403 711 1464 cai
729 1400 885 1464 videberis
906 1400 1010 1464 bella?

250 1505 346 1585 Quem
366 1523 449 1566 aeae
470 1501 615 1566 amabas?
642 1504 731 1566 cuias
751 1522 821 1565 esse
841 1500 983 1565 diceris?

254 1604 351 1686 Qaern
373 1602 535 1668 basiebts?
562 1605 617 1667 aae'
635 1603 753 1667 labella
773 1601 953 1666 mordebis?

244 1706 296 1769 Αι
316 1715 362 1782 ta,
389 1703 526 1781 Catulle,
549 1704 726 1796 destinatam
748 1704 880 1768 obdere.

79 1804 116 1872 ln
136 1805 184 1872 bis
202 1827 298 1872 versu
320 1807 372 1870 illo
393 1803 446 1870 Aa
462 1816 496 1870 ta
514 1805 645 1884 dolebis,
668 1828 737 1870 cam
758 1805 928 1891 rogaberis
938 1807 1029 1870 aalla
1050 1805 1167 1868 absolvi

81 1910 265 1974 sententiam
284 1929 383 1990 neque
400 1906 523 1990 probari
542 1927 633 1988 posse
648 1907 727 1989 qnod
739 1906 819 1969 Aah.
838 1904 957 1971 Statius
974 1907 1168 1970 scribendum

81 2010 213 2074 coniecit
231 2030 298 2073 eam
312 2006 480 2092 rogaberis
493 2008 594 2085 aalla,
619 2006 771 2086 Scelesta,
795 2018 897 2084 anem,
924 2017 977 2070 aut
989 2008 1078 2091 paulo
1092 2028 1168 2071 sane

80 2112 190 2176 melius
205 2109 314 2177 Vossii
326 2108 485 2172 inventurn
503 2130 571 2172 eam
592 2108 763 2195 rogaberis
782 2109 912 2186 natam,
937 2107 1090 2179 Scelesta,
1114 2131 1168 2171 ao·

79 2223 171 2290 eleae,
194 2212 325 2296 simplex
342 2231 400 2293 qua
415 2206 556 2274 Catullus
570 2210 614 2274 uti
630 2211 711 2274 solet
725 2211 821 2275 oratio
838 2211 914 2275 satis
933 2211 1032 2274 doeet.
1063 2208 1169 2273 simili·

80 2325 129 2378 ter
163 2324 287 2398 propter
316 2322 488 2376 accuratam
520 2312 684 2377 verborum
717 2312 938 2397 oppositionem
973 2311 1169 2376 verissimum

79 2412 177 2478 babeo
206 2413 286 2494 quod
312 2414 345 2476 in
373 2415 479 2477 eodem
508 2413 565 2477 hoc
593 2415 726 2478 carmine
746 2413 835 2478 Hier.
864 2413 1017 2477 Aventius
1045 2414 1170 2497 scripsit

80 2514 176 2579 Naar
195 2515 257 2577 iam
279 2514 338 2577 ille
355 2535 418 2578 aaa
435 2515 520 2578 call.-
551 2525 585 2578 ta
604 2536 735 2602 qaoque,
764 2518 926 2600 impotens,
948 2515 1026 2589 reoli,
1050 2534 1118 2577 cum
1135 2515 1168 2579 in
1252 2502 1258 2513 ’

80 2613 235 2678 codicibus
262 2635 374 2680 versus
402 2614 436 2678 in
465 2615 635 2681 mutilatum
654 2616 835 2680 vocabulum
854 2617 970 2701 abnepote
998 2615 1165 2681 desineret.

79 2716 155 2782 illud
177 2727 279 2781 autem
305 2739 374 2780 cam
396 2717 566 2803 rogaberis
585 2719 684 2783 aella·
701 2719 843 2783 admonet
861 2738 910 2781 me
936 2726 971 2780 ut
997 2717 1034 2779 de
1061 2737 1168 2781 errore

81 2819 208 2901 quodam
223 2839 285 2882 non
299 2819 450 2883 nullorum
465 2820 727 2903 grammaticorum
748 2819 861 2902 aliquid
875 2819 982 2897 dcam,
1003 2818 1055 2901 qui
1070 2819 1168 2883 sicubi

81 2917 224 3001 congruit
241 2915 374 2983 Latinus
394 2941 496 2984 sermo
517 2942 585 2984 oum
606 2921 744 2998 Graeco,
775 2922 814 2987 ad
842 2917 991 2986 Graecam
1018 2920 1168 3004 originem

81 3019 227 3082 condono
247 3019 349 3083 omnia
367 3021 517 3084 referunt.
547 3042 609 3086 non
629 3024 792 3087 defuerunt
805 3022 886 3084 enim
906 3022 958 3106 qui
972 3023 1169 3086 consuetudi·

80 3141 149 3186 nem
164 3119 246 3185 illam
259 3120 391 3200 dicendi,
415 3143 473 3206 qna
485 3122 618 3188 maxim0
632 3133 739 3207 poetae
753 3121 905 3187 adieetive
922 3123 973 3187 vel
989 3124 1168 3207 pronomina

80 3233 231 3306 usurpant
250 3222 302 3286 ubi
320 3244 362 3288 ex
382 3236 525 3288 accurata
544 3225 695 3310 cogitandi
708 3224 828 3288 ratione
843 3225 986 3289 adverbia
1005 3225 1167 3306 requirun-

81 3336 144 3402 tur,
174 3321 347 3388 aGraecae
366 3326 488 3409 linguae
509 3327 678 3390 imitatione
694 3337 882 3406 repeterent.
921 3326 951 3388 bi
974 3325 1002 3388 si
1024 3335 1167 3388 constare

80 3425 140 3488 sibi
152 3425 272 3503 volunt,
296 3445 405 3490 vanam
427 3425 579 3492 declinare
596 3447 657 3489 non
670 3435 815 3508 poterunt
829 3426 1046 3509 opinationem,
1070 3438 1105 3490 nt
1122 3427 1168 3490 ti-

81 3533 152 3588 ennt
168 3533 254 3586 tanto
271 3546 363 3606 opere
383 3527 535 3612 placuisse
548 3526 696 3594 Romanis
717 3526 809 3591 istam
828 3527 1027 3593 imitationem
1048 3539 1083 3593 ut
1098 3549 1166 3612 per·
1277 3594 1280 3599 .

79 3625 134 3689 tim
147 3623 181 3688 in
204 3625 407 3707 quotidianam
428 3630 514 3712 vulgi
527 3630 779 3695 consuetudinem
790 3629 889 3694 abiret
902 3641 992 3714 atque
1007 3631 1083 3695 adeo
1099 3631 1167 3694 nul·

79 3727 140 3792 lius
161 3726 308 3793 vocabulo
330 3749 392 3792 non
412 3750 565 3813 nunquam
589 3731 717 3814 populus
735 3741 876 3796 uteretur
897 3754 965 3797 cum
985 3753 1047 3795 aaa
1061 3731 1166 3797 dicem

81 3825 151 3888 dum
163 3838 248 3891 esset
261 3829 400 3913 propriea
420 3852 488 3896 nam
502 3833 559 3896 hoc
571 3833 671 3917 ipsam
686 3832 754 3896 sine
768 3830 888 3899 Graeco
900 3832 1038 3916 exemplo
1053 3833 1166 3897 dictum

81 3936 141 3990 est.
166 3939 277 4010 quanto
291 3933 407 3997 metius
421 3934 454 3997 in
467 3945 595 4019 utraque
609 3933 714 4018 lingua
728 3934 784 3997 boc
799 3935 942 4019 loquendi
957 3953 1068 4018 genus,
1085 3935 1165 4016 quod

79 4028 230 4093 latissime
251 4043 345 4113 patet,
368 4037 425 4100 sed
445 4046 479 4098 ut
500 4036 533 4100 in
554 4059 616 4102 non
630 4039 723 4104 nullis
742 4038 905 4104 discrimen
920 4047 1064 4123 appareat
1082 4036 1166 4100 inter

79 4130 165 4215 vulgi
183 4142 217 4197 et
232 4144 389 4216 poetarum
409 4140 672 4221 consuetudinem,
696 4163 739 4208 ex
756 4141 907 4206 communi
922 4137 1110 4203 Graecorum
1131 4149 1165 4203 et

79 4230 286 4300 Romanorum
306 4234 340 4300 in
357 4239 518 4324 cogitando
535 4241 693 4310 alacritate
714 4257 747 4310 et
767 4242 855 4330 qnasi
870 4240 1006 4325 agilitate
1021 4249 1164 4324 unquam

80 4352 98 4394 a
119 4335 203 4405 tonte
223 4359 282 4409 suo
302 4339 516 4415 derivebimus.
539 4345 652 4414 sanim
666 4348 737 4412 dnm
750 4347 915 4422 menaea,
937 4353 973 4408 nt
986 4363 1053 4408 cum
1066 4342 1163 4426 pbilo-

917 4445 954 4509 1.
