2746 4950
681 309 723 376 55

154 483 264 549 mulier
291 501 368 566 quae
401 482 478 545 duas
500 479 701 565 cogitationes
731 478 876 545 hnhsrcts
914 479 1099 563 requirimus
1127 477 1239 564 duplici

153 585 263 653 mends
277 584 381 649 indole
393 581 569 666 praeditam.
589 602 684 665 quare
693 581 835 665 suspicer
848 583 1041 648 seribendum
1054 602 1126 647 esse
1140 579 1161 658 ἢ
1174 579 1234 644 dcl*

153 689 186 751 ἐι
199 688 308 773 φρεσὶν
321 685 396 749 cosi.
421 685 457 748 de
473 695 615 768 correpta
628 683 815 768 diphthongo.
827 685 937 768 nequis
951 685 1078 763 duhitet,
1096 684 1237 749 similiter

152 790 261 854 dicum
277 797 327 852 est
341 807 372 850 v.
383 793 423 852 ⁷0
439 783 538 858 ’Όςιις
552 783 706 857 τοιούτοις.
712 783 815 864 θυμὸν
826 783 1015 866 ἀγλαΐζεται..
1046 826 1050 845 ,
1114 834 1118 839 ,

238 887 300 954 Sed
323 887 359 951 de
380 888 434 949 sel
452 887 618 970 particulae
631 887 812 953 traiectione
824 889 924 971 ,longe
939 886 999 952 aha
1011 887 1165 953 sententia
1186 899 1236 952 est

150 989 301 1056 Lunensi
316 987 505 1067 Doederlini,
527 989 588 1054 viri
601 989 780 1067 clarissimi,
791 990 842 1071 qui
861 989 895 1053 iu¹
916 989 1078 1067 leodunum
1095 989 1235 1054 flumem·

151 1115 255 1159 carum
269 1091 432 1175 specimine
447 1093 557 1168 altero,
574 1112 604 1174 p.
622 1099 672 1169 12,
697 1091 839 1173 etiamad
855 1091 1074 1174 antiquissimis
1088 1093 1187 1176 poetis
1201 1103 1235 1157 et

150 1195 349 1280 scriptoribus
372 1195 426 1257 aad
438 1204 510 1277 post
521 1193 595 1259 illud
608 1194 787 1261 vccabulum
804 1193 854 1261 cni
871 1193 1026 1277 emphasin
1040 1194 1129 1258 addat
1141 1194 1234 1257 collo-

148 1297 212 1363 cari
228 1297 436 1363 demonstrare
452 1306 592 1360 conatur.
615 1296 690 1359 mihi
697 1297 795 1378 longe
808 1316 898 1359 secus
914 1316 986 1359 esse
1000 1293 1134 1361 videtur.
1163 1317 1232 1359 nam

148 1400 228 1484 quod
240 1411 290 1465 est
303 1399 383 1481 apud
397 1397 576 1472 Homerum,
598 1392 822 1472 temesae..
845 1392 891 1457 *H
903 1393 1018 1458 ι”τιιαὶ
1035 1397 1233 1480 peneadem·
1276 1408 1279 1418 ·

147 1500 251 1564 δεύεαι
274 1496 308 1562 ὀἰ
322 1520 367 1561 ιιι,
377 1521 423 1570 τις
436 1497 514 1560 οἴσει
529 1495 646 1582 Τρώων
660 1495 845 1577 ἱπποδάμων,
858 1497 891 1570 ἐξ
905 1495 1005 1571 Ἰλίου,
1029 1496 1094 1570 οἷος
1108 1494 1231 1573 ἄποινα,

140 1598 197 1666 “Os
219 1622 271 1661 ses
289 1595 348 1680 ἐγώ
370 1596 465 1674 δήσας
485 1595 633 1679 ἀγάγοι-ἢ
647 1595 903 1681 ἅλλοι.’ᾼχοιοοῖν,·
928 1599 985 1663 hec
997 1599 1150 1685 ‚explicari
1170 1618 1231 1662 nen

148 1712 251 1788 potest
260 1701 305 1764 ita
319 1710 355 1763 ut
372 1696 416 1763 ἔτι
429 1701 483 1761 καί
494 1719 567 1764 esse
581 1712 719 1783 patemus
735 1701 787 1762 καὶ
801 1698 856 1776 ἔτι,
880 1702 936 1765 sed
950 1701 1024 1766 haec
1041 1712 1092 1765 est
1102 1699 1231 1764 Thersi-

145 1816 195 1869 tae
216 1801 429 1886 interrogatio,
468 1823 537 1865 eam
558 1811 677 1867 tuamve
693 1803 861 1887 possideas
879 1806 981 1879 amm,
1007 1825 1083 1868 uuas
1103 1804 1232 1888 iusuper

146 1908 221 1971 aurt'
236 1923 356 1990 qnoque
374 1903 500 1986 indiges
517 1904 585 1970 eius
605 1922 664 1986 quo
684 1903 881 1967 reuertentur·
896 1905 1030 1969 Traiani
1046 1908 1135 1988 cepti
1149 1927 1169 1968 ο
1181 1924 1231 1968 san

145 2008 197 2072 cal
219 2005 258 2070 ab
281 2003 345 2067 alic
361 2002 466 2088 aliquo
487 1987 643 2066 Graecos*
662 2002 803 2067 similiter
815 1999 855 2066 11.
875 2010 927 2082 19,
943 2010 1050 2081 hess,
1074 2004 1126 2067 uhi
1143 2024 1230 2087 prae-

144 2109 219 2174 lium
240 2104 374 2190 postulat
391 2103 529 2171 Achilles
549 2114 581 2169 et
602 2103 677 2169 haec
698 2102 781 2184 dicit,
805 2101 863 2167 ἀλλ’
888 2103 941 2188 ἄγε
954 2109 1076 2169 θᾶσσον
1084 2103 1231 2192 ‘erema

141 2207 306 2290 πόλεμόνδε
325 2204 579 2291 καρηκομόωντας
595 2205 748 2289 Ἀχαιούς,
765 2202 855 2292 '‘Omp'
865 2205 981 2274 :iaceat
997 2205 1113 2294 Τρώων
1125 2205 1230 2293 πειρή-

144 2334 236 2392 σομαι
252 2306 351 2380 ἄπιος
372 2305 483 2382 ἐλθών,
505 2309 556 2370 At'
566 2307 591 2371 κ’
608 2306 731 2371 tested
753 2308 801 2371 ἐπὶ
814 2311 920 2386 munds
934 2308 1040 2385 ἰαύειν,
1063 2309 1113 2393 qui
1131 2310 1229 2394 pessit

143 2413 183 2475 ad
197 2409 240 2470 ἔτι
253 2408 406 2490 pertinere
420 2409 492 2470 uel?
513 2410 647 2491 pertinet
664 2420 771 2492 aperte
791 2411 830 2475 ad
842 2410 1026 2496 πειρήσομαι
1037 2421 1126 2494 alque
1138 2415 1176 2476 ad
1192 2433 1228 2476 ea

143 2531 222 2597 quae
237 2529 280 2572 ex
295 2507 357 2577 ‚hoc
369 2507 465 2572 verbo
480 2528 630 2593 sampensa
642 2520 725 2574 sant.
758 2510 865 2576 deinde
877 2510 1085 2598 Thucydidem
1097 2534 1227 2579 comme·

142 2622 243 2678 morat
257 2608 477 2690 Doederlinus,
500 2610 589 2677 euius
607 2612 684 2678 haee
703 2633 775 2679 esse
790 2612 864 2686 dicit
876 2613 969 2699 perha
983 2621 1016 2691 4,
1035 2623 1066 2695 1,
1081 2615 1134 2677 sal
1146 2615 1228 2697 ἐςβι-

141 2714 292 2800 ῥλήκεοοιι
300 2709 369 2794 ἅμα
382 2711 414 2786 ἐς
426 2710 480 2790 τὴν
489 2711 633 2796 Ῥηγίνων
645 2719 675 2780 οἱ
688 2717 811 2801 Λοκροὶ
825 2718 1023 2802 πανστρατιᾷ,
1046 2715 1148 2796 ἵναμὴ
1163 2716 1227 2781 ἐπο-

140 2819 285 2901 maedus
307 2813 371 2893 τοῖς
395 2815 596 2891 Μεσσηνίοις,
609 2850 614 2863 ,
627 2814 689 2897 dipsa
716 2818 750 2889 de*
770 2820 823 2887 Ιιιοιέ
838 2816 1067 2898 ,ξονιπαγόιιωι
1084 2816 1227 2898 Ῥηγίνων

142 2914 301 3000 φυγάδων,
324 2918 358 2977 οἳ
373 2905 453 2989 ἦσαν
472 2912 542 3000 παρ’
551 2914 673 2990 1ιιιίιοῖς.
696 2915 804 3002 τὸγὰρ
814 2917 933 3000 ‘Ilipam
948 2918 996 2981 eut
1009 2915 1103 2983 uelde
1117 2915 1227 3002 χρόνοι

109 3057 111 3062 .
143 3016 309 3091 ἐστασίαζε,
339 3015 392 3076 καὶ
413 3011 547 3077 deleam
566 3007 604 3092 ἦν
624 3018 656 3079 ἑο
671 3021 714 3098 aqi
733 3017 860 3103 παρόντι
877 3017 947 3090 uode
960 3016 1227 3103 Λοκρούςάμύνιν
1284 3064 1288 3069 ·

143 3126 237 3185 σθαι·
275 3112 296 3203 ἦ
314 3117 426 3199 μᾶλλον
447 3114 500 3177 καὶ
520 3115 701 3181 ἐπετίθεντο.
743 3140 854 3209 Ινοιοιιι
871 3119 943 3183 honi
966 3119 1098 3198 codices,
1123 3120 1225 3204 quiqui

141 3233 224 3296 sunt,
258 3240 320 3283 non
338 3218 399 3289 ,hoc
419 3216 578 3300 praebent,
608 3219 664 3284 scd
681 3215 701 3307 ᾖ
716 3222 776 3284 aad
794 3225 905 3303 μᾶλλον
927 3222 1107 3285 ἐπετέθειτο.
1146 3223 1225 3285 unde

140 3322 256 3386 frustra
273 3319 332 3383 fuit
350 3318 401 3383 vir
415 3319 622 3398 clarissimus,
641 3341 711 3385 cum
723 3332 845 3406 putaret
856 3321 1043 3407 Thucydidis
1054 3321 1159 3386 verbis
1173 3323 1226 3386 de
1327 3389 1331 3396 ,

140 3422 224 3490 feudi
246 3441 337 3506 pesse
359 3421 439 3504 quod
458 3419 583 3487 codices
601 3441 678 3489 sanc
697 3433 730 3489 et
745 3423 882 3508 plerique
897 3434 930 3488 et
942 3422 1046 3508 optimi
1061 3423 1173 3493 hahent
1191 3423 1224 3489 in

139 3523 279 3591 Platonis
293 3523 443 3602 οοιινίνὶο,
466 3545 495 3607 p.
509 3519 601 3602 177⁵,
622 3526 675 3587 nal
693 3529 785 3599 τοῦτο,
797 3527 852 3608 μὲν
864 3521 953 3603 ἧττον
966 3525 1021 3587 καῖ
1032 3527 1221 3608 despuenda.

140 3648 221 3710 nego
241 3621 330 3702 ἦττον
351 3624 404 3686 καί
428 3645 481 3707 pro
505 3645 541 3717 eo
561 3626 642 3708 qued
663 3637 713 3695 est
733 3630 787 3698 aad
803 3623 891 3703 ἦττον
911 3626 1024 3693 dietum
1043 3629 1223 3693 ratiunculis

139 3729 322 3806 confirmari,
346 3725 497 3809 exemplis
511 3736 623 3805 autem,
645 3727 755 3817 quihus
768 3728 843 3793 haee
856 3727 1008 3812 res-siqua
1021 3730 1081 3795 alia
1092 3729 1222 3813 indiget,

139 3848 250 3894 verser
271 3850 311 3895 ne
328 3827 500 3895 confirmari
514 3848 665 3912 numquam
675 3830 785 3914 possit.
809 3851 902 3914 quara
918 3842 970 3895 aut
981 3842 1066 3895 recte
1079 3831 1224 3897 omissum

138 3940 191 3997 est
216 3929 249 3992 in
270 3930 446 4012 qsuihusdam
468 3930 624 3997 codicibus
647 3932 778 3999 alterum
800 3934 862 4005 aal-
878 3944 933 3999 aut
961 3933 1154 3999 scrihendum
1173 3935 1224 3995 uel

137 4034 225 4095 τοῦτο
240 4032 294 4109 μὲν
309 4034 360 4093 nal
382 4026 469 4107 ἦττον
480 4031 671 4112 θαυμαστόν.
702 4035 810 4110 deinde
823 4034 992 4101 orationem
1004 4033 1224 4107 Demosthenis

139 4133 176 4196 de
189 4151 276 4216 pace,
300 4153 330 4216 p.
345 4138 400 4211 dd,
416 4140 447 4211 5,
472 4147 697 4203 commemorat.
727 4136 955 4222 interrogantes
971 4158 1042 4205 sese
1057 4136 1144 4220 lingit
1157 4158 1224 4203 era·

138 4246 188 4301 ler
199 4233 409 4300 Athenienses
424 4235 531 4314 haece,
546 4233 583 4297 ιὰ
597 4237 773 4320 κολουόμενοι
784 4241 863 4321 ἡμᾶς
880 4238 941 4326 ἄρα
956 4241 1005 4303 δεῖ
1021 4237 1226 4307 semiunciae

140 4337 364 4419 φοβουμένους,
390 4339 441 4403 sal
460 4336 497 4402 od
519 4338 614 4403 ιαῦιι
626 4340 771 4418 easdem
796 4343 835 4407 ad
849 4361 927 4425 quae
938 4342 1105 4429 respondet
1117 4346 1227 4407 πολλοῦ
