2746 4950
675 1309 692 1378 1
787 1328 793 1341 ,

144 1477 231 1562 Quae
247 1490 319 1544 ante
333 1477 390 1541 hos
408 1485 550 1559 quattuor
564 1494 661 1538 anuos
675 1474 712 1537 de
728 1471 911 1538 carminibus
924 1472 1040 1556 aliquot
1053 1470 1093 1555 Q.
1110 1471 1226 1538 Valerii

143 1577 260 1643 Catulli
280 1579 515 1661 disputaveram,
539 1597 575 1640 aa
589 1575 697 1660 partim
716 1597 734 1639 a
754 1575 850 1639 doctis
872 1586 962 1660 atque
977 1574 1227 1657 intellegentibus

143 1680 248 1742 harum
264 1699 367 1742 rerum
383 1677 643 1741 existimatoribus
657 1677 820 1761 approbata
834 1697 905 1740 esse
920 1697 1028 1760 magno
1045 1697 1119 1741 sana
1134 1698 1226 1761 opere

141 1781 272 1864 gaudeo,
294 1779 402 1863 partim
425 1800 548 1844 errasse
563 1800 611 1842 me
626 1789 681 1842 aut
692 1778 723 1841 id
737 1778 836 1861 ipsum
855 1779 934 1863 quod
949 1799 1055 1842 verum
1078 1791 1164 1843 esset
1178 1801 1226 1843 ac·
1334 1820 1342 1833 -

141 1892 247 1947 curate
270 1902 332 1944 uon
350 1880 492 1962 tetigisse
506 1877 698 1943 Godofredus
721 1879 851 1943 maxime
873 1879 1079 1957 llermannus‚
1103 1902 1227 1964 praece·

142 1995 212 2066 ptor
225 2003 327 2059 meus,
349 2001 397 2043 me
414 1980 552 2042 edocuit:
577 1992 652 2043 sunt
664 1980 756 2044 etiam
769 2001 831 2043 nou
846 1981 941 2058 nulla,
959 1981 1013 2043 sed
1028 2001 1134 2062 pauca,
1151 2004 1226 2064 quac

141 2082 396 2166 avituperatione
410 2083 542 2145 fortasse
555 2083 668 2163 possim
680 2082 855 2145 defendere.
880 2102 987 2144 verum
1000 2102 1038 2144 ne
1052 2081 1142 2145 nimis
1155 2083 1227 2146 mihi

141 2186 208 2270 ipse
224 2187 342 2268 placere
365 2205 472 2266 meque
488 2203 588 2246 amare
603 2184 732 2260 videar,¹
745 2183 851 2272 dehis
873 2182 975 2246 dicere
990 2185 1226 2267 praetermittam

142 2299 231 2372 atquc
253 2287 373 2350 initium
393 2285 483 2349 huius
501 2279 677 2368 scriptionis
694 2284 943 2368 a.ueglegentiae
963 2285 1120 2349 cuiusdam
1140 2308 1226 2351 meae

142 2389 353 2455 emendatione
380 2408 533 2470 quaeram.
578 2387 610 2448 in
636 2386 768 2449 carmine
794 2387 874 2450 enim
902 2387 1098 2471 nonagesimo
1120 2389 1226 2472 quinto

143 2494 189 2577 (p.
203 2499 257 2567 72,
284 2499 317 2553 11
337 2488 398 2570 ss.)
430 2485 570 2550 Satrachi
590 2498 621 2550 et
640 2485 764 2550 Paduae
785 2487 931 2551 vocabula
950 2509 1026 2552 vera
1048 2500 1080 2553 ct
1102 2490 1138 2553 ah
1159 2491 1227 2575 ipso

142 2604 234 2680 poeta
251 2591 351 2675 posita
369 2610 440 2652 esse
458 2600 543 2652 recte
565 2588 683 2671 quidem
700 2588 843 2676 affirmavi
867 2590 1001 2672 (quaest.
1020 2587 1090 2654 Cat.
1108 2612 1137 2674 p.
1156 2597 1225 2675 97),

141 2715 240 2780 neque
261 2693 293 2756 id
312 2692 371 2756 feci
393 2691 527 2774 primus,
566 2691 621 2754 scd
639 2691 714 2754 illud
733 2680 881 2773 quaerere
900 2713 962 2754 nou
983 2702 1068 2756 recte
1087 2694 1225 2776 neglexi,

142 2798 213 2883 quid
237 2794 441 2880 permovisset
463 2789 630 2870 Catullum,
653 2793 876 2856 reconditarum
895 2814 999 2857 rerum
1020 2793 1157 2858 notitiam
1177 2816 1227 2859 os·

142 2911 263 2966 tentare
277 2895 399 2958 minime
414 2894 550 2972 solitum,
573 2904 607 2957 ut
621 2894 783 2977 iguohilem
799 2891 895 2978 Cypri
910 2894 1033 2958 lluvium
1049 2916 1227 2961 commemo·

142 3020 213 3065 rare
232 2997 335 3061 mallet
355 3016 443 3078 mam
462 2995 621 3058 clariorem
640 3004 705 3071 aut,
727 2995 804 3076 quod
821 2995 854 3057 in
868 2994 928 3057 ista
942 2996 1175 3079 propinquarum
1196 3011 1228 3063 et

140 3111 325 3167 remotarum
346 3097 507 3181 regionum
525 3094 714 3180 oppositione
735 3095 961 3180 expectaveris,
985 3098 1226 3182 longinquiorem

142 3206 250 3270 saltem
270 3200 399 3266 orientis
421 3220 551 3263 amnem.
583 3197 739 3262 enimvero
757 3195 897 3262 Catullus
919 3219 957 3261 ne
969 3197 1027 3262 hic
1042 3200 1162 3283 quidem
1177 3203 1226 3265 sui

141 3304 298 3372 dissimihs
317 3303 386 3379 huit,
411 3299 621 3382 sedquoniam
637 3297 798 3384 Smyrnam
814 3298 916 3361 llelvii
932 3295 1050 3362 Cinnae
1073 3300 1224 3379 laudabat,

140 3406 278 3493 apposite
299 3405 337 3469 ad
360 3402 436 3466 hanc
459 3400 660 3464 laudationem
681 3397 862 3464 Satrachum
883 3399 1060 3464 nominavit.
1098 3423 1166 3466 nam
1188 3406 1225 3468 ad

142 3507 287 3594 Cypriam
310 3504 470 3588 Smyrnam
489 3502 555 3566 sive
576 3499 735 3588 Myrrham
756 3499 873 3567 Cinnae
892 3522 1014 3566 carmen
1038 3504 1224 3588 pertinuisse

142 3631 202 3675 uuo
231 3604 307 3671 satis
333 3605 475 3667 docemur
499 3603 652 3667 versiculo
675 3624 763 3686 quem
783 3601 964 3667 Priscianus
990 3606 1092 3670 attulit
1110 3607 1224 3677 titroo

141 3732 169 3794 p.
187 3715 249 3775 718
264 3703 302 3771 Ρ.
333 3701 384 3768 At
404 3704 505 3767 scelus
525 3706 642 3768 incasto
665 3704 820 3790 Smyrnae
841 3705 1002 3769 crescebat
1022 3708 1056 3770 cia
1078 3710 1168 3773 aloe.-
1192 3711 1224 3773 iu

141 3831 200 3893 quo
213 3807 367 3873 versiculo
378 3804 550 3869 rectissime
563 3816 634 3869 ante
647 3805 724 3869 ahos
738 3802 932 3870 Burmannus
946 3808 982 3871 ad
1000 3804 1060 3872 0v.
1077 3821 1150 3873 met.
1171 3819 1222 3891 10,

140 3917 205 3978 298
221 3909 372 3995 Smyrnae
393 3906 530 3990 scripsit,
552 3929 620 3972 oum
638 3908 758 3972 codices
774 3907 956 3993 praeberent
974 3921 1028 3974 aut
1041 3913 1153 3976 cinnae
1171 3925 1224 3976 aut

140 4015 279 4085 1111111,
302 4012 377 4093 apud
390 4008 572 4074 Putschium
582 4021 683 4075 autem
698 4011 855 4094 legeretur
868 4008 1018 4097 Cinyrae,
1035 4016 1115 4095 quod
1126 4035 1224 4097 nuper
1309 3998 1314 4009 ⁴

139 4116 217 4179 male
230 4112 388 4176 defensum
399 4123 459 4176 est.
489 4110 592 4192 itaque
605 4134 673 4177 eum
688 4109 794 4198 Cyprii
814 4113 898 4177 lluvii
916 4114 1101 4182 mentionem
1117 4111 1222 4180 Catul-

138 4215 187 4280 lus
204 4213 288 4292 facit,
313 4209 474 4298 Smyrnam
488 4213 616 4277 missum
628 4214 668 4276 iri
681 4227 849 4299 auguratur
868 4214 901 4278 in
914 4235 966 4280 eas
980 4216 1063 4298 ipsas
1077 4215 1220 4299 regiones

140 4336 213 4397 quas
228 4313 328 4382 Cinna
348 4315 482 4381 carmina
500 4317 552 4381 illo
573 4314 792 4383 celebraverat.
825 4327 960 4382 cetarum
975 4312 1116 4381 Satrachi
1139 4320 1220 4383 lluvii

991 4427 1004 4482 1
