2746 4950
679 311 728 378 ta.

162 488 228 552 tulli
243 485 408 552 carminum
425 482 650 568 exemplaribus
671 481 872 549 inveniuntur
890 482 1022 567 plurimi,
1045 504 1121 567 quos
1143 483 1246 566 siugu-

161 591 207 654 los
221 608 400 654 enumerare
416 587 532 650 omitto.

244 688 444 754 Removimus
464 688 559 771 igitur
576 687 761 752 insolentem
778 685 1018 771 copulativarum
1030 686 1245 770 particularum

159 792 389 859 collocationem
410 790 447 854 ab
468 789 514 854 eis
536 788 649 854 Catulli
672 789 856 854 carminibus
873 787 908 853 iu
926 809 1003 873 qnae
1018 788 1099 853 ultro
1115 807 1181 851 eam
1198 785 1244 849 in·

158 895 241 958 ferre
261 892 446 957 studuerunt
467 890 671 975 grammatici,
695 889 882 957 coniecturis
902 889 1043 956 ludentes
1061 910 1159 973 neque
1182 888 1244 952 ullo

159 995 249 1059 modo
270 993 468 1078 anquirentes
496 993 567 1077 quid
595 1012 671 1055 usus
698 1003 789 1075 atque
818 992 1008 1056 consuetudo
1036 992 1104 1056 eius
1133 991 1240 1066 ferret,

158 1096 248 1180 quasi
265 1107 431 1179 temporum
452 1105 483 1159 et
503 1105 660 1179 poetarum
682 1095 787 1158 eaden
807 1094 840 1157 in
856 1093 996 1157 omnibus
1011 1093 1144 1158 omnium
1158 1101 1245 1180 esset

158 1197 257 1262 ratio:
279 1206 376 1262 restat
398 1207 434 1260 ut
450 1196 486 1259 de
513 1217 573 1259 uno
591 1195 746 1261 versiculo
767 1195 901 1260 dicamus
922 1194 955 1257 in
975 1216 1035 1278 quo
1049 1194 1109 1279 ipsi
1121 1193 1243 1258 cedices

157 1298 238 1363 illam
268 1296 498 1364 collocationem
526 1297 683 1383 praebent.
721 1297 800 1379 qnod
822 1317 881 1379 quo
906 1297 1022 1361 rectius
1048 1296 1117 1363 ficri
1136 1304 1244 1380 posset

157 1400 369 1467 ascribendum
384 1400 459 1464 duxi
474 1410 571 1462 uotum
585 1418 708 1461 carmen
724 1403 778 1473 57,
800 1418 859 1478 quo
880 1396 940 1461 iste
956 1398 1129 1464 versiculus
1144 1397 1242 1461 couti·

157 1513 258 1566 netur.
289 1503 392 1584 itaque
415 1510 450 1562 ut
470 1519 593 1564 errores
617 1498 761 1582 quosdam
781 1495 818 1560 ab
839 1496 925 1561 italis
941 1498 1051 1563 dudum
1069 1498 1242 1564 rectissimo

157 1602 334 1666 emendatos
357 1610 485 1678 taceam,
509 1599 554 1664 sic
566 1600 768 1685 perscriptum
783 1610 833 1664 cst
845 1598 878 1663 in
894 1599 980 1664 libris
1004 1604 1048 1686 (p.
1065 1609 1119 1681 28,
1135 1603 1239 1680 oss),
1344 1640 1347 1645 -

324 1702 437 1766 Pulcra
458 1704 603 1766 conuenit
621 1699 769 1787 inprobas
790 1701 943 1780 mbaedt's,

318 1802 504 1868 Muraenae
520 1803 712 1891 pathicoque
736 1800 940 1888 Caesarique.

319 1903 388 1969 Nec
408 1907 539 1968 mar:
563 1905 705 1968 mutualac
720 1927 818 1990 paras
839 1910 991 1993 utrisque,

322 2005 452 2070 Urbana
473 2006 577 2069 altera
596 2014 630 2069 et
648 2006 707 2069 illu
726 2006 908 2083 Formiana,

318 2107 497 2192 Impressas
515 2105 659 2171 resident
676 2129 734 2173 nec
754 2109 915 2172 elucentia:

318 2205 465 2272 Morbcsi
477 2210 614 2294 puriter,
635 2210 768 2294 gemelli
785 2211 921 2294 utamur,

319 2309 387 2374 Uaro
409 2311 443 2373 ia
465 2310 592 2388 lectulo,
614 2311 769 2375 erudituli
788 2309 893 2386 ambo,

316 2412 390 2477 Noa
411 2412 463 2476 bic
484 2434 577 2498 quam
598 2413 654 2476 ille
680 2415 910 2498 mugisuorua
931 2413 1069 2487 adulter,

316 2510 457 2588 Miuulec,
478 2513 559 2576 socii
579 2522 610 2577 et
622 2514 847 2598 procliviorem.

131 2682 140 2701 ν
317 2611 432 2678 Pulcra
453 2615 598 2679 conuenit
617 2613 766 2701 inprobis
787 2615 938 2680 medis.
1032 2623 1035 2627 '

151 2712 267 2799 Quales
280 2714 395 2782 luerint
406 2716 543 2782 maculae
560 2713 705 2788 Caesaris
720 2717 847 2795 urbana,
865 2713 1028 2780 Formiana
1045 2714 1233 2794 Mamurrae,

149 2818 250 2881 minus
278 2839 328 2882 me
357 2818 438 2882 scire
460 2820 558 2882 fateor
581 2839 670 2902 quam
693 2820 838 2901 quosdam
857 2819 1057 2903 interpretas,
1080 2828 1115 2880 ut
1141 2817 1235 2881 multa
1286 2862 1288 2867 .

149 2920 327 3002 ignoramus
346 2939 423 3001 quae
442 2929 567 2983 veteres
587 2918 754 3002 scriptores
770 2922 818 2985 sui
839 2920 984 3005 temporis
998 2918 1170 2983 bominibus
1185 2940 1234 2984 sa·

150 3019 190 3082 tis
205 3019 366 3103 perspicue
379 3019 646 3103 significaverunt:
667 3030 699 3082 et
712 3023 822 3085 sufficit
834 3021 945 3105 probra
959 3020 1130 3084 summatim
1142 3020 1233 3084 intel-

148 3120 264 3207 legere.
287 3142 395 3188 verum
406 3121 439 3185 in
455 3121 501 3187 eis
517 3141 594 3206 quac
608 3121 746 3205 proxime
763 3134 936 3207 sequuntur
947 3122 1076 3187 haereo:
1089 3120 1234 3189 videntur

146 3223 229 3291 cuim
249 3245 317 3287 cum
333 3222 478 3288 universa
496 3223 587 3289 buius
607 3224 750 3289 carminis
768 3225 888 3292 rationo
909 3222 1032 3288 minime
1047 3245 1229 3308 congruere.

148 3344 218 3387 uam
238 3323 292 3385 illa
309 3325 415 3400 verba,
438 3323 552 3388 Pulcra
565 3328 709 3390 euocauit
729 3327 879 3411 improbis
893 3323 1046 3399 cinaedis,
1069 3345 1158 3406 quam
1180 3324 1232 3389 bu·

146 3424 241 3489 beant
252 3423 436 3487 sententiam
455 3446 516 3488 non
539 3426 636 3510 magis
652 3425 815 3490 obscurum
830 3436 880 3491 est
894 3446 982 3508 quam
998 3425 1077 3509 quod
1091 3424 1233 3491 similiter

147 3525 227 3589 (lixit
242 3536 310 3608 apte
326 3536 576 3591 commemoratus
591 3527 628 3592 ab
643 3527 764 3593 Achille
778 3526 878 3594 Statio
884 3525 1039 3593 Martialis
1052 3534 1085 3605 8,
1096 3533 1137 3593 35
1154 3527 1230 3593 Cum

143 3629 216 3692 sius
233 3626 352 3689 mbailes
366 3647 524 3714 paresque
544 3631 621 3706 uita,
644 3629 901 3716 usurpassem,
917 3632 1071 3716 pestebius
1083 3632 1227 3705 maritus,

144 3729 252 3795 Mirm
271 3750 334 3792 nen
359 3727 434 3792 bene
460 3731 624 3793 convenire
637 3731 737 3794 cubas.
764 3731 865 3815 itaque
880 3731 940 3795 ctsi
955 3729 1096 3797 Catullus
1113 3727 1228 3795 Caesa·

144 3849 209 3893 rem
223 3841 256 3892 ct
266 3827 453 3894 Mamurram
469 3830 612 3894 cinaedos
633 3831 788 3896 etiterum
798 3830 986 3898 Mamurram
1000 3832 1151 3918 pathicum
1167 3832 1227 3897 iam

143 3930 176 3994 in
186 3928 333 4014 principio
348 3931 492 3996 carminis
507 3932 723 4017 appellaverat,
747 3945 848 3999 minen
861 3947 1002 4022 repetere
1014 3935 1071 3998 boc
1084 3945 1116 3998 et
1130 3933 1227 3997 incul-

142 4052 213 4096 care
229 4030 329 4114 potuit
350 4033 383 4097 in
398 4032 606 4099 similitudinis
630 4058 707 4120 quas
724 4037 884 4121 utriusque
899 4048 986 4102 esset
1000 4035 1224 4121 descriptione:

142 4154 211 4197 nam
230 4130 366 4197 morbosi
385 4155 460 4199 sane
481 4155 518 4199 ca
538 4134 759 4220 significatione
781 4138 840 4204 tici
859 4139 1003 4205 videntur
1024 4159 1112 4223 quam
1130 4133 1226 4200 Bent-

141 4236 220 4302 leius
235 4234 402 4320 explicavit
413 4237 452 4302 ad
465 4235 543 4302 Hor.
561 4257 655 4304 carm.
670 4247 699 4317 l,
717 4247 771 4320 ³⁷,
786 4247 823 4307 92
848 4243 902 4306 sed
915 4241 996 4326 quod
1012 4239 1153 4322 sequitur
1166 4261 1224 4326 ge·

143 4340 230 4403 malli
241 4341 378 4427 utrique,
397 4335 464 4433 Mac
478 4340 512 4404 in
530 4337 655 4417 taust,
667 4341 820 4411 mama
831 4343 933 4418 ambo,
956 4341 1013 4406 boc
1027 4362 1088 4408 non
1100 4362 1225 4431 possum
