2746 4950
644 312 690 383 dd

216 480 284 546 Καί
302 482 372 559 noti
391 479 443 551 τόν
462 480 540 549 θεὸν
558 474 638 561 ἦνθε
657 481 710 551 τὸν
726 481 854 572 ὕβρισε·
878 483 997 560 iuliade
1017 489 1057 552 δι’

210 579 320 661 ’ἵστατ’
343 580 404 647 ἀπό
424 585 572 670 κρηπῖδος
585 582 687 672 Ἔρος
707 583 827 650 aanor
847 584 1035 672 ἐφύπερθεν.

212 680 324 747 ”Am
346 685 399 746 καί
417 682 570 768 τῶγαλμα,
593 683 689 753 κακόν
709 684 741 749 δ’
764 684 1041 770 insarcinatur.

132 800 166 864 in
183 799 230 866 his
250 801 310 865 nisi
324 802 361 865 ad
379 802 585 868 incredibilem
599 805 673 868 mihi
688 804 912 890 depravationis
928 806 1131 890 suspitionem
1145 831 1223 874 cou-

132 901 247 985 tngim,
268 923 339 967 rara
356 902 408 967 illa
423 905 590 989 particulae
604 906 762 970 collocatio
776 906 970 992 agnoscenda
983 908 1054 973 erit.
1086 931 1157 975 uam
1170 912 1222 976 ni-

133 1003 177 1069 llil
190 1004 300 1069 dicitur
311 1005 392 1071 aliud
407 1027 496 1089 quam
508 1007 561 1068 καί
574 1004 664 1071 ἅλατο
675 1005 826 1090 τῶγαλμα.

168 1162 171 1167 -
218 1122 359 1186 Alterum
371 1124 561 1188 inveniretur
573 1127 650 1210 apud
661 1123 856 1189 Theocritum
868 1125 1040 1192 insolenter
1057 1126 1150 1211 positi
1167 1129 1224 1190 καί

133 1225 314 1308 exemplum,
340 1225 367 1288 si
381 1225 566 1308 probandum
582 1238 668 1290 esset
682 1248 775 1290 carm.
792 1235 822 1306 l,
841 1235 901 1294 109
915 1229 994 1312 quod
1007 1227 1062 1294 Fr.
1079 1226 1220 1293 Graelius

133 1323 203 1389 olim
219 1326 377 1409 proposuit
388 1325 513 1411 Ὡραῖος
529 1325 665 1410 paidom
686 1325 746 1392 ’όπα
761 1329 814 1390 καί
825 1333 905 1410 μᾶλα
921 1329 1049 1413 νομεόει,
1072 1340 1125 1394 aul
1136 1323 1218 1412 quod

133 1424 175 1489 Η.
191 1424 231 1490 L.
246 1425 430 1505 Ahrensius‚
454 1439 606 1512 assumpto
618 1449 637 1491 a
649 1427 769 1513 Toupio
784 1451 864 1494 novo
877 1431 1023 1496 vocabulo
1036 1441 1069 1496 et
1081 1431 1218 1494 fortasse

131 1548 194 1590 non
212 1525 343 1606 Graeco,
369 1529 531 1612 scripsisse
545 1540 663 1614 poetam
677 1550 776 1614 nuper
789 1532 931 1611 coniecit,
948 1531 1071 1619 Ὦρειος
1084 1529 1216 1614 pillosam

134 1629 204 1692 ὁπεῖ
220 1627 297 1692 καλοὶ
315 1634 394 1709 μᾶλα
407 1630 536 1709 νομεύει.
561 1632 615 1695 sed
635 1653 676 1695 ex
695 1633 744 1696 his
759 1634 942 1698 coniecturis
958 1634 1071 1698 nullum
1084 1633 1220 1718 disputa-

133 1729 208 1791 tioni
229 1750 315 1793 meae
332 1728 514 1814 praesidium
536 1754 660 1815 quaero,
685 1756 753 1798 eum
772 1735 860 1798 aliter
879 1736 915 1797 de
935 1735 989 1797 illo
1001 1755 1097 1798 versu
1108 1731 1224 1797 existi·

132 1851 224 1893 mem.
248 1832 284 1895 de
299 1853 357 1915 qua
373 1853 420 1910 re,
449 1834 587 1915 quoniam
605 1857 671 1899 cum
693 1820 846 1920 multiplici
867 1834 1041 1919 quaestione
1056 1834 1229 1896 coniuncta

134 1943 196 2015 est,
219 1934 278 1997 alio
300 1926 433 2018 tempore
453 1935 559 1998 dicam.
584 1960 665 2002 nune
680 1938 753 2000 illud
765 1958 887 2001 carmen
901 1942 955 2014 28,
977 1945 1013 1998 ut
1030 1935 1065 1998 ab
1085 1954 1228 2018 operosa

134 2034 344 2118 disquisitione
367 2036 528 2120 respirem,
567 2039 728 2104 emendare
747 2040 831 2118 volo,
862 2039 890 2102 si
909 2036 1021 2123 possim
1044 2034 1224 2099 emendare.

133 2156 165 2199 v.
180 2144 222 2203 27
231 2158 275 2203 ss.
298 2138 408 2203 infelix
422 2149 539 2202 amator
556 2139 630 2204 haec
644 2141 791 2225 praedicit
802 2160 908 2224 puero,

716 2257 786 2322 οἶδα
804 2256 840 2324 τό
861 2256 976 2339 pellor.

219 2357 286 2418 Καί
306 2353 340 2423 τό
362 2355 454 2445 ρόόον
475 2356 566 2422 καλόν
588 2358 661 2435 εὀτι,
685 2361 738 2422 καί
762 2360 778 2424 ό
798 2357 906 2445 χρόνος
927 2352 1000 2422 αὐτό
1021 2351 1177 2440 μαραίνει·

142 2522 144 2526 ,
219 2459 286 2522 Καί
306 2456 340 2525 τό
363 2461 409 2525 ίον
430 2458 522 2525 καλόν
543 2460 622 2524 εὀτιν
644 2460 675 2523 ἕν
696 2463 788 2549 είαρι,
812 2461 865 2524 καί
883 2456 957 2542 ταχὺ
977 2458 1068 2544 γηρᾷ.

218 2557 342 2625 Λευκὸν
362 2560 396 2627 τό
418 2563 521 2650 κρίνον
543 2561 615 2638 ἔστί,
639 2563 816 2649 μαραίνεται
839 2561 929 2624 ἁνίκα
948 2559 1058 2646 πίπτχ·

216 2659 256 2720 ‘A
277 2662 312 2723 δὲ
331 2659 406 2746 χιοίν
426 2662 529 2739 λευκά,
553 2665 606 2726 καί
625 2663 747 2726 τὰκεται
768 2661 857 2724 ἁνίκα
877 2664 996 2746 παχθῇ.

219 2762 288 2825 Καί
308 2761 414 2837 κάλλος
436 2764 527 2831 καλόν
548 2765 611 2828 ἔστι
630 2760 665 2830 τό
685 2758 839 2837 παιδικόν,
864 2758 921 2824 αλλ’
946 2758 1044 2843 όλίχον
1064 2763 1110 2848 ζῇ.

213 2862 301 2940 Ἥξει
321 2863 427 2953 καιρός
449 2866 561 2942 ἐκεῖνος
582 2864 711 2932 όπανίκα
733 2864 786 2928 καί
805 2862 841 2928 τό
865 2860 1012 2945 φιλὰοεις,

215 2965 323 3029 Ἀνίκα
343 2965 399 3030 τὰν
419 2969 549 3056 κραδίαν
570 2966 746 3049 ammaon
767 2964 885 3054 ἁλμυρὰ
907 2963 1056 3038 κλαόοεις.

135 3086 183 3150 hic
196 3107 320 3174 versum
335 3086 417 3149 illum
429 3085 469 3148 ‘A
485 3088 517 3150 δὲ
532 3086 605 3172 χιών
619 3088 811 3172 depravatum
830 3105 900 3148 esse
916 3082 1051 3167 plerique
1070 3104 1221 3169 gramma·

135 3185 188 3250 lici
215 3185 452 3249 intellexeruut:
481 3190 616 3252 restituit
644 3210 713 3251 eum
737 3187 817 3250 felici
836 3186 1012 3248 coniectura
1028 3182 1214 3250 Godolredus

134 3287 342 3367 Hermannus,
363 3287 402 3348 ‘A
422 3288 454 3350 όί
475 3286 549 3372 χιών
565 3284 656 3351 λευκά
670 3284 742 3362 ’στα
766 3284 922 3367 μολύνεται
935 3286 1023 3348 ἁνίκα
1037 3285 1145 3371 ταχθῇ.
1168 3281 1220 3346 ni·

134 3390 196 3456 hilo
218 3402 319 3456 tamen
339 3391 437 3453 minus
458 3391 548 3454 huius
572 3410 680 3454 versus
706 3389 917 3452 emendatione
937 3410 1058 3453 carmen
1086 3385 1223 3451 nondum

136 3504 206 3578 puto
224 3493 256 3555 iu
278 3493 436 3576 pristinam
458 3493 583 3554 formam
603 3492 758 3554 reductum
775 3510 856 3553 esse.
891 3512 958 3551 uam
976 3513 1042 3556 cum
1057 3490 1090 3554 iu
1103 3488 1224 3573 reliqua

136 3592 359 3678 comparatione
379 3589 507 3673 singulis
531 3591 677 3675 exemplis
696 3590 775 3652 idem
789 3589 894 3653 eodem
906 3593 992 3656 modo
1007 3592 1060 3654 καί
1072 3589 1225 3673 praemis-

136 3718 201 3760 sum
219 3695 271 3774 sit,
297 3690 395 3758 omnia
406 3703 505 3756 autem
518 3694 556 3756 ad
566 3691 798 3778 pulcritudinem
812 3693 996 3776 pertineant,
1011 3691 1064 3755 isti
1077 3691 1135 3754 duo
1149 3711 1226 3753 ver-

137 3798 225 3863 siculi
239 3798 271 3861 iu
285 3796 393 3880 quibus
410 3796 446 3858 dc
459 3796 521 3860 lilio
537 3808 569 3861 et
582 3796 653 3860 nive
667 3796 777 3859 dictum
795 3807 843 3859 est
856 3807 888 3858 et
902 3792 1046 3858 orationis
1062 3787 1225 3861 concinni-

136 3912 228 3966 tatem
245 3900 470 3985 interrumpunt
490 3910 521 3961 et
541 3898 680 3962 candoris
704 3895 1014 3962 commemorationem
1036 3889 1221 3972 admiscent,

136 4003 265 4070 similem
279 4001 393 4087 specie,
416 4022 451 4065 re
465 4020 541 4063 vera
554 4000 591 4064 alt
607 4001 663 4063 hac
678 3999 896 4064 sententiarum
910 3993 1132 4061 continuatione
1146 3993 1221 4058 alie-

137 4127 217 4169 nam.
241 4115 353 4188 quanto
375 4100 543 4187 elegantius
559 4113 648 4187 atquc
670 4101 786 4166 rectius
809 4122 931 4166 carmen
953 4097 1066 4164 omissa
1077 4093 1156 4162 omni
1170 4092 1221 4158 iu·

137 4206 348 4290 terpellalioue
363 4204 407 4269 ita
421 4203 623 4281 connectitur,

223 4344 288 4404 Καὶ
309 4339 343 4406 τό
364 4337 458 4429 podda
478 4336 571 4413 καλόν
592 4339 667 4415 εὀτι,
691 4344 742 4403 καὶ
763 4341 781 4404 ό
801 4337 911 4425 χρόνος
931 4336 1005 4401 αὐτὸ
1025 4335 1182 4419 μαραίνει·
