<?xml version="1.0" encoding="UTF-8"?>
<!DOCTYPE html PUBLIC "-//W3C//DTD XHTML 1.0 Transitional//EN"
    "http://www.w3.org/TR/xhtml1/DTD/xhtml1-transitional.dtd">
<html xmlns="http://www.w3.org/1999/xhtml" xml:lang="en" lang="en">
 <head>
  <title>
</title>
<meta http-equiv="Content-Type" content="text/html;charset=utf-8" />
  <meta name='ocr-system' content='tesseract 3.04.00' />
  <meta name='ocr-capabilities' content='ocr_page ocr_carea ocr_par ocr_line ocrx_word'/>
</head>
<body>
  <div class='ocr_page' id='page_1' title='image "./mauriciihauptii00haupgoog/mauriciihauptii00haupgoog_0074.png"; bbox 0 0 2746 4950; ppageno 0'>
   <div class='ocr_carea' id='block_1_1' title="bbox 650 334 698 404">
    <p class='ocr_par' dir='ltr' id='par_1_1' title="bbox 650 334 698 404">
     <span class='ocr_line' id='line_1_1' title="bbox 650 334 698 404; baseline 0 0"><span class='ocrx_word' id='word_1_1' title='bbox 650 334 698 404; x_wconf 73' lang='grc'><strong>67</strong></span> 
     </span>
    </p>
   </div>
   <div class='ocr_carea' id='block_1_2' title="bbox 138 501 1224 902">
    <p class='ocr_par' dir='ltr' id='par_1_2' title="bbox 225 501 1080 592">
     <span class='ocr_line' id='line_1_2' title="bbox 225 501 1080 592; baseline -0.013 -17"><span class='ocrx_word' id='word_1_2' title='bbox 225 511 291 575; x_wconf 67' lang='lat' dir='ltr'><strong>Kar*</strong></span> <span class='ocrx_word' id='word_1_3' title='bbox 309 510 345 578; x_wconf 81' lang='grc' dir='ltr'><strong>τό</strong></span> <span class='ocrx_word' id='word_1_4' title='bbox 367 511 414 575; x_wconf 76' lang='grc' dir='ltr'><strong>ἴοι</strong></span> <span class='ocrx_word' id='word_1_5' title='bbox 434 505 527 573; x_wconf 73' lang='grc' dir='ltr'><strong><em>καλόν</em></strong></span> <span class='ocrx_word' id='word_1_6' title='bbox 548 506 628 571; x_wconf 73' lang='grc' dir='ltr'><strong><em>ἐστιν</em></strong></span> <span class='ocrx_word' id='word_1_7' title='bbox 649 505 681 569; x_wconf 70' lang='grc' dir='ltr'><strong>ἓν</strong></span> <span class='ocrx_word' id='word_1_8' title='bbox 701 505 793 592; x_wconf 73' lang='grc' dir='ltr'><strong><em>εἴαρι,</em></strong></span> <span class='ocrx_word' id='word_1_9' title='bbox 817 505 870 569; x_wconf 76' lang='grc' dir='ltr'><strong>καὶ</strong></span> <span class='ocrx_word' id='word_1_10' title='bbox 889 501 964 587; x_wconf 66' lang='lat' dir='ltr'><strong>sapt*-</strong></span> <span class='ocrx_word' id='word_1_11' title='bbox 983 504 1080 590; x_wconf 52' lang='grc' dir='ltr'><strong>μηρῷ</strong></span> 
     </span>
    </p>

    <p class='ocr_par' dir='ltr' id='par_1_3' title="bbox 138 602 1224 902">
     <span class='ocr_line' id='line_1_3' title="bbox 223 602 1115 691; baseline -0.015 -12"><span class='ocrx_word' id='word_1_12' title='bbox 223 618 291 679; x_wconf 69' lang='grc' dir='ltr'><strong>Καὶ</strong></span> <span class='ocrx_word' id='word_1_13' title='bbox 312 610 419 685; x_wconf 77' lang='grc' dir='ltr'><strong><em>κάλλος</em></strong></span> <span class='ocrx_word' id='word_1_14' title='bbox 440 608 532 675; x_wconf 80' lang='grc' dir='ltr'><strong><em>καλόν</em></strong></span> <span class='ocrx_word' id='word_1_15' title='bbox 553 609 615 672; x_wconf 79' lang='grc' dir='ltr'><strong><em>ἐοτι</em></strong></span> <span class='ocrx_word' id='word_1_16' title='bbox 635 604 670 672; x_wconf 84' lang='grc' dir='ltr'><strong>τό</strong></span> <span class='ocrx_word' id='word_1_17' title='bbox 691 604 845 680; x_wconf 77' lang='grc' dir='ltr'><strong><em>παιδικόν,</em></strong></span> <span class='ocrx_word' id='word_1_18' title='bbox 868 603 927 668; x_wconf 78' lang='grc' dir='ltr'><strong>ἀλλ’</strong></span> <span class='ocrx_word' id='word_1_19' title='bbox 951 602 1049 686; x_wconf 73' lang='grc' dir='ltr'><strong><em>ὀλίγον</em></strong></span> <span class='ocrx_word' id='word_1_20' title='bbox 1070 607 1115 691; x_wconf 79' lang='grc' dir='ltr'><strong>ζῇ.</strong></span> 
     </span>
     <span class='ocr_line' id='line_1_4' title="bbox 138 705 1224 800; baseline -0.009 -18"><span class='ocrx_word' id='word_1_21' title='bbox 138 716 243 800; x_wconf 82' lang='lat' dir='ltr'><strong>itaque</strong></span> <span class='ocrx_word' id='word_1_22' title='bbox 254 735 331 799; x_wconf 85' lang='lat' dir='ltr'><strong>quae</strong></span> <span class='ocrx_word' id='word_1_23' title='bbox 349 714 386 778; x_wconf 88' lang='lat' dir='ltr'><strong>de</strong></span> <span class='ocrx_word' id='word_1_24' title='bbox 400 712 465 777; x_wconf 91' lang='lat' dir='ltr'><strong>lilio</strong></span> <span class='ocrx_word' id='word_1_25' title='bbox 486 722 518 778; x_wconf 89' lang='lat' dir='ltr'><strong>et</strong></span> <span class='ocrx_word' id='word_1_26' title='bbox 532 711 569 775; x_wconf 86' lang='lat' dir='ltr'><strong>de</strong></span> <span class='ocrx_word' id='word_1_27' title='bbox 588 709 659 774; x_wconf 84' lang='lat' dir='ltr'><strong>nive</strong></span> <span class='ocrx_word' id='word_1_28' title='bbox 675 707 857 790; x_wconf 82' lang='lat' dir='ltr'><strong>interposita</strong></span> <span class='ocrx_word' id='word_1_29' title='bbox 874 717 948 771; x_wconf 90' lang='lat' dir='ltr'><strong>sunt</strong></span> <span class='ocrx_word' id='word_1_30' title='bbox 962 728 1004 771; x_wconf 80' lang='lat' dir='ltr'><strong>ex</strong></span> <span class='ocrx_word' id='word_1_31' title='bbox 1014 705 1074 771; x_wconf 88' lang='lat' dir='ltr'><strong>alio</strong></span> <span class='ocrx_word' id='word_1_32' title='bbox 1090 705 1224 772; x_wconf 85' lang='lat' dir='ltr'><strong>carmine</strong></span> 
     </span>
     <span class='ocr_line' id='line_1_5' title="bbox 140 807 1224 902; baseline -0.012 -18"><span class='ocrx_word' id='word_1_33' title='bbox 140 818 299 902; x_wconf 87' lang='lat' dir='ltr'><strong>desumpta</strong></span> <span class='ocrx_word' id='word_1_34' title='bbox 313 825 404 897; x_wconf 86' lang='lat' dir='ltr'><strong>atquc</strong></span> <span class='ocrx_word' id='word_1_35' title='bbox 418 835 438 878; x_wconf 90' lang='lat' dir='ltr'><strong>a</strong></span> <span class='ocrx_word' id='word_1_36' title='bbox 451 811 645 898; x_wconf 88' lang='lat' dir='ltr'><strong>grammatico</strong></span> <span class='ocrx_word' id='word_1_37' title='bbox 658 820 784 896; x_wconf 86' lang='lat' dir='ltr'><strong>propter</strong></span> <span class='ocrx_word' id='word_1_38' title='bbox 795 808 1020 873; x_wconf 89' lang='lat' dir='ltr'><strong>similitudinem</strong></span> <span class='ocrx_word' id='word_1_39' title='bbox 1034 808 1072 872; x_wconf 88' lang='lat' dir='ltr'><strong>ad</strong></span> <span class='ocrx_word' id='word_1_40' title='bbox 1086 807 1143 870; x_wconf 87' lang='lat' dir='ltr'><strong>boo</strong></span> <span class='ocrx_word' id='word_1_41' title='bbox 1157 828 1224 871; x_wconf 88' lang='lat' dir='ltr'><strong>oar·</strong></span> 
     </span>
    </p>
   </div>
   <div class='ocr_carea' id='block_1_3' title="bbox 139 909 1324 1006">
    <p class='ocr_par' dir='ltr' id='par_1_4' title="bbox 139 909 1324 1006">
     <span class='ocr_line' id='line_1_6' title="bbox 139 909 1324 1006; baseline -0.013 -22"><span class='ocrx_word' id='word_1_42' title='bbox 139 941 210 984; x_wconf 90' lang='lat' dir='ltr'><strong>men</strong></span> <span class='ocrx_word' id='word_1_43' title='bbox 232 916 366 1000; x_wconf 84' lang='lat' dir='ltr'><strong>ascripta</strong></span> <span class='ocrx_word' id='word_1_44' title='bbox 384 937 460 1006; x_wconf 31' lang='lat' dir='ltr'><strong>,esse</strong></span> <span class='ocrx_word' id='word_1_45' title='bbox 480 914 636 980; x_wconf 85' lang='lat' dir='ltr'><strong>existimo.</strong></span> <span class='ocrx_word' id='word_1_46' title='bbox 660 911 748 977; x_wconf 89' lang='lat' dir='ltr'><strong>euius</strong></span> <span class='ocrx_word' id='word_1_47' title='bbox 763 909 945 994; x_wconf 76' lang='lat' dir='ltr'><strong>suspicionis</strong></span> <span class='ocrx_word' id='word_1_48' title='bbox 962 909 1154 994; x_wconf 75' lang='lat' dir='ltr'><strong>probabilitas</strong></span> <span class='ocrx_word' id='word_1_49' title='bbox 1170 929 1222 972; x_wconf 80' lang='lat' dir='ltr'><strong>au·</strong></span> <span class='ocrx_word' id='word_1_50' title='bbox 1318 994 1324 999; x_wconf 15' lang='grc' dir='ltr'>η</span> 
     </span>
    </p>
   </div>
   <div class='ocr_carea' id='block_1_4' title="bbox 122 1010 1227 2815">
    <p class='ocr_par' dir='ltr' id='par_1_5' title="bbox 122 1010 1225 1606">
     <span class='ocr_line' id='line_1_7' title="bbox 140 1010 1224 1106; baseline -0.01 -21"><span class='ocrx_word' id='word_1_51' title='bbox 140 1031 230 1106; x_wconf 85' lang='lat' dir='ltr'><strong>getur</strong></span> <span class='ocrx_word' id='word_1_52' title='bbox 251 1040 288 1084; x_wconf 93' lang='lat' dir='ltr'><strong>eo</strong></span> <span class='ocrx_word' id='word_1_53' title='bbox 311 1018 388 1102; x_wconf 92' lang='lat' dir='ltr'><strong>quod</strong></span> <span class='ocrx_word' id='word_1_54' title='bbox 406 1018 503 1082; x_wconf 91' lang='lat' dir='ltr'><strong>bonus</strong></span> <span class='ocrx_word' id='word_1_55' title='bbox 521 1027 612 1100; x_wconf 90' lang='lat' dir='ltr'><strong>poeta</strong></span> <span class='ocrx_word' id='word_1_56' title='bbox 632 1015 665 1078; x_wconf 93' lang='lat' dir='ltr'><strong>in</strong></span> <span class='ocrx_word' id='word_1_57' title='bbox 687 1014 793 1078; x_wconf 85' lang='lat' dir='ltr'><strong>eadem</strong></span> <span class='ocrx_word' id='word_1_58' title='bbox 814 1011 1036 1076; x_wconf 89' lang='lat' dir='ltr'><strong>sententiarum</strong></span> <span class='ocrx_word' id='word_1_59' title='bbox 1050 1010 1130 1074; x_wconf 89' lang='lat' dir='ltr'><strong>serie</strong></span> <span class='ocrx_word' id='word_1_60' title='bbox 1145 1010 1224 1074; x_wconf 90' lang='lat' dir='ltr'><strong>idem</strong></span> 
     </span>
     <span class='ocr_line' id='line_1_8' title="bbox 140 1112 1225 1208; baseline -0.012 -21"><span class='ocrx_word' id='word_1_61' title='bbox 140 1122 267 1187; x_wconf 86' lang='lat' dir='ltr'><strong>verbum</strong></span> <span class='ocrx_word' id='word_1_62' title='bbox 289 1119 445 1208; x_wconf 75' lang='grc' dir='ltr'><strong><em>μαραίνειν</em></strong></span> <span class='ocrx_word' id='word_1_63' title='bbox 469 1140 532 1182; x_wconf 91' lang='lat' dir='ltr'><strong>non</strong></span> <span class='ocrx_word' id='word_1_64' title='bbox 549 1117 672 1181; x_wconf 81' lang='lat' dir='ltr'><strong>videtur</strong></span> <span class='ocrx_word' id='word_1_65' title='bbox 691 1115 787 1179; x_wconf 86' lang='lat' dir='ltr'><strong>fuisse</strong></span> <span class='ocrx_word' id='word_1_66' title='bbox 809 1113 988 1191; x_wconf 79' lang='lat' dir='ltr'><strong>iteraturus,</strong></span> <span class='ocrx_word' id='word_1_67' title='bbox 1012 1112 1105 1175; x_wconf 90' lang='lat' dir='ltr'><strong>multo</strong></span> <span class='ocrx_word' id='word_1_68' title='bbox 1125 1122 1225 1175; x_wconf 93' lang='lat' dir='ltr'><strong>autem</strong></span> 
     </span>
     <span class='ocr_line' id='line_1_9' title="bbox 140 1213 1225 1306; baseline -0.01 -19"><span class='ocrx_word' id='word_1_69' title='bbox 140 1223 237 1306; x_wconf 87' lang='lat' dir='ltr'><strong>magis</strong></span> <span class='ocrx_word' id='word_1_70' title='bbox 259 1221 386 1286; x_wconf 88' lang='lat' dir='ltr'><strong>aliorum</strong></span> <span class='ocrx_word' id='word_1_71' title='bbox 414 1241 559 1286; x_wconf 89' lang='lat' dir='ltr'><strong>versuum</strong></span> <span class='ocrx_word' id='word_1_72' title='bbox 584 1217 767 1283; x_wconf 81' lang='lat' dir='ltr'><strong>carminibus</strong></span> <span class='ocrx_word' id='word_1_73' title='bbox 792 1214 984 1281; x_wconf 83' lang='lat' dir='ltr'><strong>Theocriteis</strong></span> <span class='ocrx_word' id='word_1_74' title='bbox 1014 1213 1153 1278; x_wconf 87' lang='lat' dir='ltr'><strong>similiter</strong></span> <span class='ocrx_word' id='word_1_75' title='bbox 1174 1213 1225 1276; x_wconf 90' lang='lat' dir='ltr'><strong>ad·</strong></span> 
     </span>
     <span class='ocr_line' id='line_1_10' title="bbox 139 1316 1225 1408; baseline -0.009 -21"><span class='ocrx_word' id='word_1_76' title='bbox 139 1324 296 1388; x_wconf 85' lang='lat' dir='ltr'><strong>mistorum</strong></span> <span class='ocrx_word' id='word_1_77' title='bbox 310 1323 533 1408; x_wconf 87' lang='lat' dir='ltr'><strong>comparatione</strong></span> <span class='ocrx_word' id='word_1_78' title='bbox 551 1321 665 1386; x_wconf 87' lang='lat' dir='ltr'><strong>firmari</strong></span> <span class='ocrx_word' id='word_1_79' title='bbox 680 1329 791 1402; x_wconf 89' lang='lat' dir='ltr'><strong>potest.</strong></span> <span class='ocrx_word' id='word_1_80' title='bbox 817 1328 851 1379; x_wconf 89' lang='lat' dir='ltr'><strong>ut</strong></span> <span class='ocrx_word' id='word_1_81' title='bbox 866 1337 955 1379; x_wconf 93' lang='lat' dir='ltr'><strong>unum</strong></span> <span class='ocrx_word' id='word_1_82' title='bbox 972 1316 1142 1400; x_wconf 84' lang='lat' dir='ltr'><strong>exemplum</strong></span> <span class='ocrx_word' id='word_1_83' title='bbox 1156 1335 1225 1399; x_wconf 89' lang='lat' dir='ltr'><strong>pro·</strong></span> 
     </span>
     <span class='ocr_line' id='line_1_11' title="bbox 139 1417 978 1503; baseline -0.011 -16"><span class='ocrx_word' id='word_1_84' title='bbox 139 1425 234 1489; x_wconf 88' lang='lat' dir='ltr'><strong>feram</strong></span> <span class='ocrx_word' id='word_1_85' title='bbox 247 1447 340 1488; x_wconf 89' lang='lat' dir='ltr'><strong>carm.</strong></span> <span class='ocrx_word' id='word_1_86' title='bbox 357 1433 390 1500; x_wconf 86' lang='lat'><strong>8,</strong></span> <span class='ocrx_word' id='word_1_87' title='bbox 405 1430 445 1488; x_wconf 88' lang='grc'><strong>76</strong></span> <span class='ocrx_word' id='word_1_88' title='bbox 455 1443 500 1485; x_wconf 90' lang='lat' dir='ltr'><strong>ss.</strong></span> <span class='ocrx_word' id='word_1_89' title='bbox 517 1422 592 1486; x_wconf 90' lang='lat' dir='ltr'><strong>haec</strong></span> <span class='ocrx_word' id='word_1_90' title='bbox 607 1422 752 1503; x_wconf 86' lang='lat' dir='ltr'><strong>leguntur</strong></span> <span class='ocrx_word' id='word_1_91' title='bbox 765 1417 797 1480; x_wconf 94' lang='lat' dir='ltr'><strong>in</strong></span> <span class='ocrx_word' id='word_1_92' title='bbox 812 1417 978 1495; x_wconf 87' lang='lat' dir='ltr'><strong>codicibus,</strong></span> 
     </span>
     <span class='ocr_line' id='line_1_12' title="bbox 122 1515 993 1606; baseline -0.007 -21"><span class='ocrx_word' id='word_1_93' title='bbox 122 1552 126 1561; x_wconf 67' lang='lat'>=</span> <span class='ocrx_word' id='word_1_94' title='bbox 221 1523 318 1585; x_wconf 79' lang='lat' dir='ltr'><strong>‘Adai’</strong></span> <span class='ocrx_word' id='word_1_95' title='bbox 344 1522 364 1584; x_wconf 82' lang='lat' dir='ltr'><strong>oi</strong></span> <span class='ocrx_word' id='word_1_96' title='bbox 386 1520 474 1603; x_wconf 77' lang='grc' dir='ltr'><em>φωνὰ</em></span> <span class='ocrx_word' id='word_1_97' title='bbox 494 1525 548 1595; x_wconf 76' lang='grc' dir='ltr'><strong><em>τοῖς</em></strong></span> <span class='ocrx_word' id='word_1_98' title='bbox 567 1520 702 1606; x_wconf 81' lang='grc' dir='ltr'><strong><em>πόρτιος,</em></strong></span> <span class='ocrx_word' id='word_1_99' title='bbox 725 1516 784 1582; x_wconf 71' lang='lat' dir='ltr'><strong>dod</strong></span> <span class='ocrx_word' id='word_1_100' title='bbox 804 1515 839 1582; x_wconf 85' lang='grc' dir='ltr'><strong>τό</strong></span> <span class='ocrx_word' id='word_1_101' title='bbox 860 1521 993 1598; x_wconf 75' lang='grc' dir='ltr'><strong><em>πνεῦμα·</em></strong></span> 
     </span>
    </p>

    <p class='ocr_par' dir='ltr' id='par_1_6' title="bbox 221 1618 1023 1708">
     <span class='ocr_line' id='line_1_13' title="bbox 221 1618 1023 1708; baseline -0.005 -22"><span class='ocrx_word' id='word_1_102' title='bbox 221 1622 298 1686; x_wconf 70' lang='lat' dir='ltr'><strong>‘Ado</strong></span> <span class='ocrx_word' id='word_1_103' title='bbox 321 1624 354 1685; x_wconf 74' lang='grc' dir='ltr'><strong>δὲ</strong></span> <span class='ocrx_word' id='word_1_104' title='bbox 375 1622 419 1704; x_wconf 79' lang='grc' dir='ltr'><em>χώ</em></span> <span class='ocrx_word' id='word_1_105' title='bbox 441 1622 551 1705; x_wconf 81' lang='grc' dir='ltr'><strong><em>μόσχος</em></strong></span> <span class='ocrx_word' id='word_1_106' title='bbox 570 1619 725 1708; x_wconf 75' lang='grc' dir='ltr'><strong><em>γαρόεται,</em></strong></span> <span class='ocrx_word' id='word_1_107' title='bbox 749 1618 807 1682; x_wconf 73' lang='lat' dir='ltr'><strong>dod</strong></span> <span class='ocrx_word' id='word_1_108' title='bbox 831 1621 864 1680; x_wconf 74' lang='lat' dir='ltr'><strong>dt</strong></span> <span class='ocrx_word' id='word_1_109' title='bbox 885 1618 924 1701; x_wconf 81' lang='grc' dir='ltr'>χά</span> <span class='ocrx_word' id='word_1_110' title='bbox 945 1621 1023 1700; x_wconf 68' lang='grc' dir='ltr'><strong><em>βοός·</em></strong></span> 
     </span>
    </p>

    <p class='ocr_par' dir='ltr' id='par_1_7' title="bbox 139 1720 1227 2815">
     <span class='ocr_line' id='line_1_14' title="bbox 222 1720 1087 1810; baseline -0.003 -24"><span class='ocrx_word' id='word_1_111' title='bbox 222 1723 299 1786; x_wconf 80' lang='lat' dir='ltr'><strong>‘Adai</strong></span> <span class='ocrx_word' id='word_1_112' title='bbox 323 1725 356 1786; x_wconf 80' lang='grc' dir='ltr'><strong>όὲ</strong></span> <span class='ocrx_word' id='word_1_113' title='bbox 377 1728 420 1787; x_wconf 79' lang='grc' dir='ltr'><strong>τῶ</strong></span> <span class='ocrx_word' id='word_1_114' title='bbox 438 1725 550 1810; x_wconf 75' lang='grc' dir='ltr'><strong><em>θέρεος</em></strong></span> <span class='ocrx_word' id='word_1_115' title='bbox 568 1720 642 1809; x_wconf 80' lang='grc' dir='ltr'><strong><em>παρ’</em></strong></span> <span class='ocrx_word' id='word_1_116' title='bbox 665 1721 750 1808; x_wconf 76' lang='grc' dir='ltr'><strong>ὕδωρ</strong></span> <span class='ocrx_word' id='word_1_117' title='bbox 773 1721 843 1806; x_wconf 73' lang='grc' dir='ltr'><strong><em>ῥίον</em></strong></span> <span class='ocrx_word' id='word_1_118' title='bbox 865 1723 1087 1801; x_wconf 79' lang='grc' dir='ltr'><strong><em>αἰθριοκοιτῆι.</em></strong></span> 
     </span>
     <span class='ocr_line' id='line_1_15' title="bbox 139 1822 1226 1912; baseline -0.007 -19"><span class='ocrx_word' id='word_1_119' title='bbox 139 1826 227 1912; x_wconf 88' lang='lat' dir='ltr'><strong>paulo</strong></span> <span class='ocrx_word' id='word_1_120' title='bbox 249 1825 417 1891; x_wconf 74' lang='lat' dir='ltr'><strong>accuratius</strong></span> <span class='ocrx_word' id='word_1_121' title='bbox 438 1826 645 1889; x_wconf 89' lang='lat' dir='ltr'><strong>attendentem</strong></span> <span class='ocrx_word' id='word_1_122' title='bbox 665 1824 798 1887; x_wconf 88' lang='lat' dir='ltr'><strong>offendet</strong></span> <span class='ocrx_word' id='word_1_123' title='bbox 820 1823 896 1905; x_wconf 90' lang='lat' dir='ltr'><strong>quod</strong></span> <span class='ocrx_word' id='word_1_124' title='bbox 916 1822 1118 1887; x_wconf 87' lang='lat' dir='ltr'><strong>nominativos</strong></span> <span class='ocrx_word' id='word_1_125' title='bbox 1137 1822 1226 1885; x_wconf 79' lang='grc' dir='ltr'><strong><em>ἁδεῖα</em></strong></span> 
     </span>
     <span class='ocr_line' id='line_1_16' title="bbox 141 1922 1227 2006; baseline -0.003 -16"><span class='ocrx_word' id='word_1_126' title='bbox 141 1938 173 1990; x_wconf 90' lang='lat' dir='ltr'><strong>et</strong></span> <span class='ocrx_word' id='word_1_127' title='bbox 192 1927 249 1988; x_wconf 80' lang='grc' dir='ltr'><strong>ἁδύ</strong></span> <span class='ocrx_word' id='word_1_128' title='bbox 272 1926 466 2006; x_wconf 83' lang='lat' dir='ltr'><strong>interrumpit</strong></span> <span class='ocrx_word' id='word_1_129' title='bbox 494 1923 622 1986; x_wconf 88' lang='lat' dir='ltr'><strong>subiecti</strong></span> <span class='ocrx_word' id='word_1_130' title='bbox 640 1923 785 1985; x_wconf 87' lang='lat' dir='ltr'><strong>mutatio:</strong></span> <span class='ocrx_word' id='word_1_131' title='bbox 817 1944 884 1985; x_wconf 87' lang='lat' dir='ltr'><strong>nem</strong></span> <span class='ocrx_word' id='word_1_132' title='bbox 901 1922 933 1984; x_wconf 92' lang='lat' dir='ltr'><strong>in</strong></span> <span class='ocrx_word' id='word_1_133' title='bbox 958 1924 1011 1985; x_wconf 92' lang='lat' dir='ltr'><strong>tali</strong></span> <span class='ocrx_word' id='word_1_134' title='bbox 1037 1924 1227 2006; x_wconf 78' lang='lat' dir='ltr'><strong>epanaphora</strong></span> 
     </span>
     <span class='ocr_line' id='line_1_17' title="bbox 140 2021 1226 2108; baseline -0.003 -18"><span class='ocrx_word' id='word_1_135' title='bbox 140 2026 276 2108; x_wconf 86' lang='lat' dir='ltr'><strong>aequalia</strong></span> <span class='ocrx_word' id='word_1_136' title='bbox 297 2025 396 2089; x_wconf 90' lang='lat' dir='ltr'><strong>omnia</strong></span> <span class='ocrx_word' id='word_1_137' title='bbox 411 2035 443 2088; x_wconf 91' lang='lat' dir='ltr'><strong>et</strong></span> <span class='ocrx_word' id='word_1_138' title='bbox 457 2045 544 2106; x_wconf 90' lang='lat' dir='ltr'><strong>quam</strong></span> <span class='ocrx_word' id='word_1_139' title='bbox 563 2022 789 2087; x_wconf 87' lang='lat' dir='ltr'><strong>accuratissime</strong></span> <span class='ocrx_word' id='word_1_140' title='bbox 806 2021 891 2106; x_wconf 91' lang='lat' dir='ltr'><strong>quasi</strong></span> <span class='ocrx_word' id='word_1_141' title='bbox 904 2033 1113 2106; x_wconf 81' lang='lat' dir='ltr'><strong>coagmentata</strong></span> <span class='ocrx_word' id='word_1_142' title='bbox 1126 2025 1226 2106; x_wconf 92' lang='lat' dir='ltr'><strong>requi·</strong></span> 
     </span>
     <span class='ocr_line' id='line_1_18' title="bbox 140 2124 1227 2210; baseline -0.001 -19"><span class='ocrx_word' id='word_1_143' title='bbox 140 2127 254 2191; x_wconf 76' lang='lat' dir='ltr'><strong>mmus:</strong></span> <span class='ocrx_word' id='word_1_144' title='bbox 278 2147 445 2210; x_wconf 89' lang='lat' dir='ltr'><strong>quanquam</strong></span> <span class='ocrx_word' id='word_1_145' title='bbox 465 2128 558 2190; x_wconf 85' lang='lat' dir='ltr'><strong>multo</strong></span> <span class='ocrx_word' id='word_1_146' title='bbox 572 2124 672 2187; x_wconf 91' lang='lat' dir='ltr'><strong>minor</strong></span> <span class='ocrx_word' id='word_1_147' title='bbox 687 2124 761 2187; x_wconf 89' lang='lat' dir='ltr'><strong>haec</strong></span> <span class='ocrx_word' id='word_1_148' title='bbox 776 2124 965 2206; x_wconf 87' lang='lat' dir='ltr'><strong>aequalitatis</strong></span> <span class='ocrx_word' id='word_1_149' title='bbox 980 2127 1165 2209; x_wconf 86' lang='lat' dir='ltr'><strong>perturbatio</strong></span> <span class='ocrx_word' id='word_1_150' title='bbox 1178 2138 1227 2190; x_wconf 92' lang='lat' dir='ltr'><strong>est</strong></span> 
     </span>
     <span class='ocr_line' id='line_1_19' title="bbox 140 2219 1225 2313; baseline -0.002 -21"><span class='ocrx_word' id='word_1_151' title='bbox 140 2250 227 2313; x_wconf 90' lang='lat' dir='ltr'><strong>quam</strong></span> <span class='ocrx_word' id='word_1_152' title='bbox 238 2250 312 2312; x_wconf 87' lang='lat' dir='ltr'><strong>quae</strong></span> <span class='ocrx_word' id='word_1_153' title='bbox 326 2219 510 2294; x_wconf 77' lang='lat' dir='ltr'><strong>remouenda</strong></span> <span class='ocrx_word' id='word_1_154' title='bbox 526 2247 597 2291; x_wconf 91' lang='lat' dir='ltr'><strong>esse</strong></span> <span class='ocrx_word' id='word_1_155' title='bbox 611 2226 683 2289; x_wconf 91' lang='lat' dir='ltr'><strong>mibi</strong></span> <span class='ocrx_word' id='word_1_156' title='bbox 695 2226 853 2289; x_wconf 88' lang='lat' dir='ltr'><strong>videbatur</strong></span> <span class='ocrx_word' id='word_1_157' title='bbox 868 2247 909 2289; x_wconf 87' lang='lat' dir='ltr'><strong>ex</strong></span> <span class='ocrx_word' id='word_1_158' title='bbox 922 2227 1055 2292; x_wconf 89' lang='lat' dir='ltr'><strong>carmine</strong></span> <span class='ocrx_word' id='word_1_159' title='bbox 1068 2236 1121 2294; x_wconf 83' lang='lat'><strong>23.</strong></span> <span class='ocrx_word' id='word_1_160' title='bbox 1146 2229 1225 2312; x_wconf 91' lang='lat' dir='ltr'><strong>atqui</strong></span> 
     </span>
     <span class='ocr_line' id='line_1_20' title="bbox 139 2326 1226 2414; baseline -0.002 -19"><span class='ocrx_word' id='word_1_161' title='bbox 139 2351 249 2395; x_wconf 82' lang='lat' dir='ltr'><strong>versus</strong></span> <span class='ocrx_word' id='word_1_162' title='bbox 270 2331 323 2395; x_wconf 85' lang='lat' dir='ltr'><strong>ille</strong></span> <span class='ocrx_word' id='word_1_163' title='bbox 347 2328 424 2391; x_wconf 78' lang='lat' dir='ltr'><strong>‘Adii</strong></span> <span class='ocrx_word' id='word_1_164' title='bbox 447 2330 480 2391; x_wconf 80' lang='grc' dir='ltr'><strong>δὲ</strong></span> <span class='ocrx_word' id='word_1_165' title='bbox 502 2327 542 2410; x_wconf 80' lang='grc' dir='ltr'>χά</span> <span class='ocrx_word' id='word_1_166' title='bbox 562 2326 673 2410; x_wconf 81' lang='grc' dir='ltr'><strong><em>μόσχος</em></strong></span> <span class='ocrx_word' id='word_1_167' title='bbox 690 2327 850 2414; x_wconf 67' lang='lat' dir='ltr'><strong>reprimat,</strong></span> <span class='ocrx_word' id='word_1_168' title='bbox 886 2326 944 2389; x_wconf 75' lang='lat' dir='ltr'><strong>cido)</strong></span> <span class='ocrx_word' id='word_1_169' title='bbox 968 2330 1001 2391; x_wconf 80' lang='grc' dir='ltr'><strong>δὲ</strong></span> <span class='ocrx_word' id='word_1_170' title='bbox 1021 2329 1061 2410; x_wconf 81' lang='grc' dir='ltr'>χά</span> <span class='ocrx_word' id='word_1_171' title='bbox 1079 2333 1141 2410; x_wconf 63' lang='lat' dir='ltr'><strong>pisia</strong></span> <span class='ocrx_word' id='word_1_172' title='bbox 1159 2352 1226 2393; x_wconf 89' lang='lat' dir='ltr'><strong>cum</strong></span> 
     </span>
     <span class='ocr_line' id='line_1_21' title="bbox 142 2428 1226 2514; baseline 0.001 -20"><span class='ocrx_word' id='word_1_173' title='bbox 142 2431 233 2494; x_wconf 86' lang='lat' dir='ltr'><strong>etiam</strong></span> <span class='ocrx_word' id='word_1_174' title='bbox 248 2430 402 2494; x_wconf 89' lang='lat' dir='ltr'><strong>amoebaei</strong></span> <span class='ocrx_word' id='word_1_175' title='bbox 417 2429 558 2492; x_wconf 87' lang='lat' dir='ltr'><strong>carminis</strong></span> <span class='ocrx_word' id='word_1_176' title='bbox 573 2428 806 2492; x_wconf 82' lang='lat' dir='ltr'><strong>concinnitatem</strong></span> <span class='ocrx_word' id='word_1_177' title='bbox 826 2429 1003 2494; x_wconf 85' lang='lat' dir='ltr'><strong>accessione</strong></span> <span class='ocrx_word' id='word_1_178' title='bbox 1026 2450 1082 2493; x_wconf 88' lang='lat' dir='ltr'><strong>sua</strong></span> <span class='ocrx_word' id='word_1_179' title='bbox 1100 2452 1226 2514; x_wconf 88' lang='lat' dir='ltr'><strong>perver-</strong></span> 
     </span>
     <span class='ocr_line' id='line_1_22' title="bbox 141 2528 1224 2614; baseline 0.004 -20"><span class='ocrx_word' id='word_1_180' title='bbox 141 2541 199 2609; x_wconf 88' lang='lat' dir='ltr'><strong>tat,</strong></span> <span class='ocrx_word' id='word_1_181' title='bbox 222 2530 292 2614; x_wconf 92' lang='lat' dir='ltr'><strong>quin</strong></span> <span class='ocrx_word' id='word_1_182' title='bbox 313 2551 355 2594; x_wconf 78' lang='lat' dir='ltr'><strong>ex</strong></span> <span class='ocrx_word' id='word_1_183' title='bbox 376 2530 548 2593; x_wconf 75' lang='lat' dir='ltr'><strong>carminat)</strong></span> <span class='ocrx_word' id='word_1_184' title='bbox 572 2530 617 2608; x_wconf 90' lang='lat' dir='ltr'><strong>(v.</strong></span> <span class='ocrx_word' id='word_1_185' title='bbox 631 2531 665 2610; x_wconf 80' lang='lat'><strong>7)</strong></span> <span class='ocrx_word' id='word_1_186' title='bbox 687 2539 812 2612; x_wconf 92' lang='lat' dir='ltr'><strong>propter</strong></span> <span class='ocrx_word' id='word_1_187' title='bbox 832 2528 1055 2594; x_wconf 88' lang='lat' dir='ltr'><strong>similitudinem</strong></span> <span class='ocrx_word' id='word_1_188' title='bbox 1076 2532 1224 2598; x_wconf 84' lang='lat' dir='ltr'><strong>orationis</strong></span> 
     </span>
     <span class='ocr_line' id='line_1_23' title="bbox 140 2628 1223 2717; baseline 0.006 -23"><span class='ocrx_word' id='word_1_189' title='bbox 140 2629 199 2694; x_wconf 89' lang='lat' dir='ltr'><strong>buc</strong></span> <span class='ocrx_word' id='word_1_190' title='bbox 219 2631 319 2695; x_wconf 88' lang='lat' dir='ltr'><strong>illatus</strong></span> <span class='ocrx_word' id='word_1_191' title='bbox 342 2630 385 2694; x_wconf 90' lang='lat' dir='ltr'><strong>sit</strong></span> <span class='ocrx_word' id='word_1_192' title='bbox 403 2630 510 2693; x_wconf 91' lang='lat' dir='ltr'><strong>dudum</strong></span> <span class='ocrx_word' id='word_1_193' title='bbox 529 2650 617 2693; x_wconf 89' lang='lat' dir='ltr'><strong>nemo</strong></span> <span class='ocrx_word' id='word_1_194' title='bbox 639 2628 765 2693; x_wconf 87' lang='lat' dir='ltr'><strong>dubitat.</strong></span> <span class='ocrx_word' id='word_1_195' title='bbox 793 2651 916 2714; x_wconf 92' lang='lat' dir='ltr'><strong>possum</strong></span> <span class='ocrx_word' id='word_1_196' title='bbox 935 2633 1223 2717; x_wconf 81' lang='lat' dir='ltr'><strong>compluraaddcre,</strong></span> 
     </span>
     <span class='ocr_line' id='line_1_24' title="bbox 141 2730 821 2815; baseline -0.004 -18"><span class='ocrx_word' id='word_1_197' title='bbox 141 2732 196 2797; x_wconf 92' lang='lat' dir='ltr'><strong>sed</strong></span> <span class='ocrx_word' id='word_1_198' title='bbox 211 2732 286 2797; x_wconf 90' lang='lat' dir='ltr'><strong>haec</strong></span> <span class='ocrx_word' id='word_1_199' title='bbox 300 2751 417 2815; x_wconf 93' lang='lat' dir='ltr'><strong>quoque</strong></span> <span class='ocrx_word' id='word_1_200' title='bbox 432 2731 464 2794; x_wconf 93' lang='lat' dir='ltr'><strong>in</strong></span> <span class='ocrx_word' id='word_1_201' title='bbox 477 2730 559 2796; x_wconf 79' lang='lat' dir='ltr'><strong>auat</strong></span> <span class='ocrx_word' id='word_1_202' title='bbox 571 2743 687 2815; x_wconf 84' lang='lat' dir='ltr'><strong>tempus</strong></span> <span class='ocrx_word' id='word_1_203' title='bbox 703 2731 821 2795; x_wconf 81' lang='lat' dir='ltr'><strong>differo.</strong></span> 
     </span>
    </p>
   </div>
   <div class='ocr_carea' id='block_1_5' title="bbox 635 2932 817 3040">
    <p class='ocr_par' dir='ltr' id='par_1_8' title="bbox 635 2932 817 3040">
     <span class='ocr_line' id='line_1_25' title="bbox 635 2932 817 3040; baseline -0.016 0"><span class='ocrx_word' id='word_1_204' title='bbox 635 2967 729 3040; x_wconf 86' lang='lat' dir='ltr'><strong>vlu</strong></span> <span class='ocrx_word' id='word_1_205' title='bbox 816 2932 817 2936; x_wconf 55' lang='lat'><em>&#39;</em></span> 
     </span>
    </p>
   </div>
   <div class='ocr_carea' id='block_1_6' title="bbox 140 3131 1225 3224">
    <p class='ocr_par' dir='ltr' id='par_1_9' title="bbox 140 3131 1225 3224">
     <span class='ocr_line' id='line_1_26' title="bbox 140 3131 1225 3224; baseline 0.008 -26"><span class='ocrx_word' id='word_1_206' title='bbox 140 3131 222 3198; x_wconf 87' lang='lat' dir='ltr'><strong>Nam</strong></span> <span class='ocrx_word' id='word_1_207' title='bbox 244 3154 310 3198; x_wconf 92' lang='lat' dir='ltr'><strong>oum</strong></span> <span class='ocrx_word' id='word_1_208' title='bbox 330 3133 406 3199; x_wconf 80' lang='lat' dir='ltr'><strong>sat-is</strong></span> <span class='ocrx_word' id='word_1_209' title='bbox 427 3134 519 3220; x_wconf 88' lang='lat' dir='ltr'><strong>longo</strong></span> <span class='ocrx_word' id='word_1_210' title='bbox 540 3135 651 3199; x_wconf 89' lang='lat' dir='ltr'><strong>itinere</strong></span> <span class='ocrx_word' id='word_1_211' title='bbox 674 3155 728 3219; x_wconf 91' lang='lat' dir='ltr'><strong>per</strong></span> <span class='ocrx_word' id='word_1_212' title='bbox 749 3135 849 3200; x_wconf 91' lang='lat' dir='ltr'><strong>aridas</strong></span> <span class='ocrx_word' id='word_1_213' title='bbox 871 3136 1065 3220; x_wconf 86' lang='lat' dir='ltr'><strong>quaestiones</strong></span> <span class='ocrx_word' id='word_1_214' title='bbox 1087 3152 1120 3205; x_wconf 89' lang='lat' dir='ltr'><strong>et</strong></span> <span class='ocrx_word' id='word_1_215' title='bbox 1139 3143 1225 3224; x_wconf 87' lang='lat' dir='ltr'><strong>quasi</strong></span> 
     </span>
    </p>
   </div>
   <div class='ocr_carea' id='block_1_7' title="bbox 141 3237 1226 3414">
    <p class='ocr_par' dir='ltr' id='par_1_10' title="bbox 141 3237 1226 3414">
     <span class='ocr_line' id='line_1_27' title="bbox 141 3237 1225 3320; baseline 0.01 -23"><span class='ocrx_word' id='word_1_216' title='bbox 141 3246 244 3317; x_wconf 83' lang='lat' dir='ltr'><strong>syrtes</strong></span> <span class='ocrx_word' id='word_1_217' title='bbox 260 3238 400 3316; x_wconf 90' lang='lat' dir='ltr'><strong>quasdam</strong></span> <span class='ocrx_word' id='word_1_218' title='bbox 414 3237 624 3320; x_wconf 88' lang='lat' dir='ltr'><strong>grammaticas</strong></span> <span class='ocrx_word' id='word_1_219' title='bbox 636 3238 675 3301; x_wconf 91' lang='lat' dir='ltr'><strong>ad</strong></span> <span class='ocrx_word' id='word_1_220' title='bbox 681 3237 793 3302; x_wconf 87' lang='lat' dir='ltr'><strong>virides</strong></span> <span class='ocrx_word' id='word_1_221' title='bbox 807 3238 961 3303; x_wconf 90' lang='lat' dir='ltr'><strong>bucolicae</strong></span> <span class='ocrx_word' id='word_1_222' title='bbox 976 3241 1078 3320; x_wconf 89' lang='lat' dir='ltr'><strong>poesis</strong></span> <span class='ocrx_word' id='word_1_223' title='bbox 1086 3238 1225 3308; x_wconf 84' lang='lat' dir='ltr'><strong>Graecae</strong></span> 
     </span>
     <span class='ocr_line' id='line_1_28' title="bbox 141 3333 1226 3414; baseline 0.008 -18"><span class='ocrx_word' id='word_1_224' title='bbox 141 3333 236 3396; x_wconf 88' lang='lat' dir='ltr'><strong>silvas</strong></span> <span class='ocrx_word' id='word_1_225' title='bbox 250 3334 366 3397; x_wconf 88' lang='lat' dir='ltr'><strong>delatus</strong></span> <span class='ocrx_word' id='word_1_226' title='bbox 389 3338 458 3414; x_wconf 88' lang='lat' dir='ltr'><strong>sim,</strong></span> <span class='ocrx_word' id='word_1_227' title='bbox 481 3359 520 3400; x_wconf 91' lang='lat' dir='ltr'><strong>ne</strong></span> <span class='ocrx_word' id='word_1_228' title='bbox 542 3349 775 3400; x_wconf 89' lang='lat' dir='ltr'><strong>commorantem</strong></span> <span class='ocrx_word' id='word_1_229' title='bbox 790 3358 838 3400; x_wconf 90' lang='lat' dir='ltr'><strong>me</strong></span> <span class='ocrx_word' id='word_1_230' title='bbox 857 3337 1023 3402; x_wconf 90' lang='lat' dir='ltr'><strong>amoenitas</strong></span> <span class='ocrx_word' id='word_1_231' title='bbox 1043 3360 1147 3403; x_wconf 91' lang='lat' dir='ltr'><strong>earum</strong></span> <span class='ocrx_word' id='word_1_232' title='bbox 1162 3343 1226 3406; x_wconf 92' lang='lat' dir='ltr'><strong>diu·</strong></span> 
     </span>
    </p>
   </div>
   <div class='ocr_carea' id='block_1_8' title="bbox 141 3434 1226 4523">
    <p class='ocr_par' dir='ltr' id='par_1_11' title="bbox 141 3434 1226 3921">
     <span class='ocr_line' id='line_1_29' title="bbox 141 3434 1226 3522; baseline 0.01 -26"><span class='ocrx_word' id='word_1_233' title='bbox 141 3434 201 3497; x_wconf 90' lang='lat' dir='ltr'><strong>tius</strong></span> <span class='ocrx_word' id='word_1_234' title='bbox 220 3434 363 3513; x_wconf 89' lang='lat' dir='ltr'><strong>retineat,</strong></span> <span class='ocrx_word' id='word_1_235' title='bbox 386 3437 479 3500; x_wconf 90' lang='lat' dir='ltr'><strong>redeo</strong></span> <span class='ocrx_word' id='word_1_236' title='bbox 493 3437 612 3499; x_wconf 89' lang='lat' dir='ltr'><strong>tandem</strong></span> <span class='ocrx_word' id='word_1_237' title='bbox 623 3437 660 3498; x_wconf 89' lang='lat' dir='ltr'><strong>ad</strong></span> <span class='ocrx_word' id='word_1_238' title='bbox 675 3434 836 3516; x_wconf 86' lang='lat' dir='ltr'><strong>Catullum,</strong></span> <span class='ocrx_word' id='word_1_239' title='bbox 859 3460 878 3501; x_wconf 91' lang='lat' dir='ltr'><strong>a</strong></span> <span class='ocrx_word' id='word_1_240' title='bbox 892 3460 949 3522; x_wconf 92' lang='lat' dir='ltr'><strong>quo</strong></span> <span class='ocrx_word' id='word_1_241' title='bbox 969 3439 1086 3505; x_wconf 90' lang='lat' dir='ltr'><strong>initium</strong></span> <span class='ocrx_word' id='word_1_242' title='bbox 1099 3443 1158 3506; x_wconf 84' lang='lat' dir='ltr'><strong>ieci</strong></span> <span class='ocrx_word' id='word_1_243' title='bbox 1172 3443 1226 3507; x_wconf 88' lang='lat' dir='ltr'><strong>hu·</strong></span> 
     </span>
     <span class='ocr_line' id='line_1_30' title="bbox 141 3535 1226 3629; baseline 0.011 -31"><span class='ocrx_word' id='word_1_244' title='bbox 141 3535 188 3598; x_wconf 93' lang='lat' dir='ltr'><strong>ius</strong></span> <span class='ocrx_word' id='word_1_245' title='bbox 202 3535 295 3599; x_wconf 86' lang='lat' dir='ltr'><strong>libelli</strong></span> <span class='ocrx_word' id='word_1_246' title='bbox 311 3546 342 3599; x_wconf 94' lang='lat' dir='ltr'><strong>et</strong></span> <span class='ocrx_word' id='word_1_247' title='bbox 353 3536 384 3599; x_wconf 92' lang='lat' dir='ltr'><strong>in</strong></span> <span class='ocrx_word' id='word_1_248' title='bbox 398 3560 456 3619; x_wconf 91' lang='lat' dir='ltr'><strong>quo</strong></span> <span class='ocrx_word' id='word_1_249' title='bbox 472 3537 608 3602; x_wconf 88' lang='lat' dir='ltr'><strong>seribere</strong></span> <span class='ocrx_word' id='word_1_250' title='bbox 620 3539 767 3605; x_wconf 87' lang='lat' dir='ltr'><strong>desinam.</strong></span> <span class='ocrx_word' id='word_1_251' title='bbox 790 3551 825 3603; x_wconf 92' lang='lat' dir='ltr'><strong>ut</strong></span> <span class='ocrx_word' id='word_1_252' title='bbox 839 3552 969 3604; x_wconf 90' lang='lat' dir='ltr'><strong>autema</strong></span> <span class='ocrx_word' id='word_1_253' title='bbox 982 3543 1110 3607; x_wconf 88' lang='lat' dir='ltr'><strong>molesto</strong></span> <span class='ocrx_word' id='word_1_254' title='bbox 1125 3544 1226 3629; x_wconf 92' lang='lat' dir='ltr'><strong>dispu-</strong></span> 
     </span>
     <span class='ocr_line' id='line_1_31' title="bbox 141 3636 1225 3724; baseline 0.01 -24"><span class='ocrx_word' id='word_1_255' title='bbox 141 3636 267 3700; x_wconf 88' lang='lat' dir='ltr'><strong>tationis</strong></span> <span class='ocrx_word' id='word_1_256' title='bbox 285 3638 421 3700; x_wconf 84' lang='lat' dir='ltr'><strong>aniraotu</strong></span> <span class='ocrx_word' id='word_1_257' title='bbox 442 3639 489 3700; x_wconf 91' lang='lat' dir='ltr'><strong>hio</strong></span> <span class='ocrx_word' id='word_1_258' title='bbox 504 3640 613 3703; x_wconf 89' lang='lat' dir='ltr'><strong>saltem</strong></span> <span class='ocrx_word' id='word_1_259' title='bbox 628 3642 700 3705; x_wconf 90' lang='lat' dir='ltr'><strong>mibi</strong></span> <span class='ocrx_word' id='word_1_260' title='bbox 715 3663 836 3705; x_wconf 89' lang='lat' dir='ltr'><strong>caveam</strong></span> <span class='ocrx_word' id='word_1_261' title='bbox 852 3663 952 3724; x_wconf 88' lang='lat' dir='ltr'><strong>neque</strong></span> <span class='ocrx_word' id='word_1_262' title='bbox 969 3644 1079 3709; x_wconf 88' lang='lat' dir='ltr'><strong>iterum</strong></span> <span class='ocrx_word' id='word_1_263' title='bbox 1094 3647 1225 3711; x_wconf 86' lang='lat' dir='ltr'><strong>lectores</strong></span> 
     </span>
     <span class='ocr_line' id='line_1_32' title="bbox 142 3738 1225 3826; baseline 0.013 -28"><span class='ocrx_word' id='word_1_264' title='bbox 142 3738 322 3822; x_wconf 81' lang='lat' dir='ltr'><strong>defatigem,</strong></span> <span class='ocrx_word' id='word_1_265' title='bbox 352 3738 475 3822; x_wconf 84' lang='lat' dir='ltr'><strong>seligam</strong></span> <span class='ocrx_word' id='word_1_266' title='bbox 502 3740 579 3804; x_wconf 94' lang='lat' dir='ltr'><strong>duos</strong></span> <span class='ocrx_word' id='word_1_267' title='bbox 602 3741 667 3804; x_wconf 91' lang='lat' dir='ltr'><strong>eius</strong></span> <span class='ocrx_word' id='word_1_268' title='bbox 688 3762 797 3805; x_wconf 89' lang='lat' dir='ltr'><strong>versus</strong></span> <span class='ocrx_word' id='word_1_269' title='bbox 821 3744 858 3806; x_wconf 91' lang='lat' dir='ltr'><strong>de</strong></span> <span class='ocrx_word' id='word_1_270' title='bbox 883 3744 989 3826; x_wconf 91' lang='lat' dir='ltr'><strong>quibus</strong></span> <span class='ocrx_word' id='word_1_271' title='bbox 1013 3746 1149 3811; x_wconf 86' lang='lat' dir='ltr'><strong>breviter</strong></span> <span class='ocrx_word' id='word_1_272' title='bbox 1168 3749 1225 3812; x_wconf 91' lang='lat' dir='ltr'><strong>diei</strong></span> 
     </span>
     <span class='ocr_line' id='line_1_33' title="bbox 141 3848 255 3921; baseline 0 -22"><span class='ocrx_word' id='word_1_273' title='bbox 141 3848 255 3921; x_wconf 83' lang='lat' dir='ltr'><strong>potest.</strong></span> 
     </span>
    </p>

    <p class='ocr_par' dir='ltr' id='par_1_12' title="bbox 143 3934 1225 4133">
     <span class='ocr_line' id='line_1_34' title="bbox 229 3934 1225 4032; baseline 0.012 -30"><span class='ocrx_word' id='word_1_274' title='bbox 229 3934 380 4003; x_wconf 89' lang='lat' dir='ltr'><strong>Carminis</strong></span> <span class='ocrx_word' id='word_1_275' title='bbox 400 3941 496 4024; x_wconf 86' lang='lat' dir='ltr'><strong>igitur</strong></span> <span class='ocrx_word' id='word_1_276' title='bbox 515 3950 555 4009; x_wconf 80' lang='grc'><strong>64</strong></span> <span class='ocrx_word' id='word_1_277' title='bbox 573 3965 666 4008; x_wconf 89' lang='lat' dir='ltr'><strong>versu</strong></span> <span class='ocrx_word' id='word_1_278' title='bbox 688 3953 729 4011; x_wconf 83' lang='lat'><strong>37</strong></span> <span class='ocrx_word' id='word_1_279' title='bbox 751 3949 859 4030; x_wconf 75' lang='lat' dir='ltr'><strong>(p.43‚</strong></span> <span class='ocrx_word' id='word_1_280' title='bbox 873 3952 926 4030; x_wconf 81' lang='lat' dir='ltr'><strong>rt)</strong></span> <span class='ocrx_word' id='word_1_281' title='bbox 948 3948 1073 4032; x_wconf 90' lang='lat' dir='ltr'><strong>probata</strong></span> <span class='ocrx_word' id='word_1_282' title='bbox 1092 3948 1225 4014; x_wconf 91' lang='lat' dir='ltr'><strong>Pontani</strong></span> 
     </span>
     <span class='ocr_line' id='line_1_35' title="bbox 143 4038 966 4133; baseline 0.015 -30"><span class='ocrx_word' id='word_1_283' title='bbox 143 4038 351 4103; x_wconf 86' lang='lat' dir='ltr'><strong>emendatione</strong></span> <span class='ocrx_word' id='word_1_284' title='bbox 365 4039 578 4110; x_wconf 84' lang='lat' dir='ltr'><strong>Lachmannus</strong></span> <span class='ocrx_word' id='word_1_285' title='bbox 591 4047 635 4112; x_wconf 92' lang='lat' dir='ltr'><strong>sic</strong></span> <span class='ocrx_word' id='word_1_286' title='bbox 649 4048 772 4133; x_wconf 79' lang='lat' dir='ltr'><strong>sempsit</strong></span> <span class='ocrx_word' id='word_1_287' title='bbox 784 4050 966 4127; x_wconf 83' lang='lat' dir='ltr'><strong>rectissime,</strong></span> 
     </span>
    </p>

    <p class='ocr_par' dir='ltr' id='par_1_13' title="bbox 144 4138 1223 4439">
     <span class='ocr_line' id='line_1_36' title="bbox 226 4138 1095 4238; baseline 0.015 -37"><span class='ocrx_word' id='word_1_288' title='bbox 226 4138 413 4207; x_wconf 71' lang='lat' dir='ltr'><strong>Pharsalum</strong></span> <span class='ocrx_word' id='word_1_289' title='bbox 434 4157 557 4222; x_wconf 84' lang='lat' dir='ltr'><strong>cocunt,</strong></span> <span class='ocrx_word' id='word_1_290' title='bbox 580 4146 752 4214; x_wconf 78' lang='lat' dir='ltr'><strong>Pharsalia</strong></span> <span class='ocrx_word' id='word_1_291' title='bbox 773 4161 856 4217; x_wconf 81' lang='lat' dir='ltr'><strong>teoto</strong></span> <span class='ocrx_word' id='word_1_292' title='bbox 872 4153 1095 4238; x_wconf 79' lang='lat' dir='ltr'><strong>frequentant.</strong></span> 
     </span>
     <span class='ocr_line' id='line_1_37' title="bbox 144 4242 1223 4336; baseline 0.015 -34"><span class='ocrx_word' id='word_1_293' title='bbox 144 4251 217 4303; x_wconf 89' lang='lat' dir='ltr'><strong>sunt</strong></span> <span class='ocrx_word' id='word_1_294' title='bbox 229 4242 280 4323; x_wconf 94' lang='lat' dir='ltr'><strong>qui</strong></span> <span class='ocrx_word' id='word_1_295' title='bbox 297 4254 379 4307; x_wconf 87' lang='lat' dir='ltr'><strong>recte</strong></span> <span class='ocrx_word' id='word_1_296' title='bbox 393 4245 502 4310; x_wconf 79' lang='lat' dir='ltr'><strong>iactum</strong></span> <span class='ocrx_word' id='word_1_297' title='bbox 516 4260 630 4331; x_wconf 85' lang='lat' dir='ltr'><strong>negent</strong></span> <span class='ocrx_word' id='word_1_298' title='bbox 643 4262 675 4315; x_wconf 85' lang='lat' dir='ltr'><strong>et</strong></span> <span class='ocrx_word' id='word_1_299' title='bbox 690 4252 903 4328; x_wconf 73' lang='lat' dir='ltr'><strong>Pharsaliam,</strong></span> <span class='ocrx_word' id='word_1_300' title='bbox 927 4254 1005 4336; x_wconf 92' lang='lat' dir='ltr'><strong>quod</strong></span> <span class='ocrx_word' id='word_1_301' title='bbox 1021 4254 1053 4317; x_wconf 94' lang='lat' dir='ltr'><strong>in</strong></span> <span class='ocrx_word' id='word_1_302' title='bbox 1068 4252 1223 4318; x_wconf 84' lang='lat' dir='ltr'><strong>codicibus</strong></span> 
     </span>
     <span class='ocr_line' id='line_1_38' title="bbox 144 4341 1223 4439; baseline 0.015 -34"><span class='ocrx_word' id='word_1_303' title='bbox 144 4341 268 4422; x_wconf 80' lang='lat' dir='ltr'><strong>legitur,</strong></span> <span class='ocrx_word' id='word_1_304' title='bbox 292 4344 490 4428; x_wconf 81' lang='lat' dir='ltr'><strong>defensitant,</strong></span> <span class='ocrx_word' id='word_1_305' title='bbox 513 4350 670 4435; x_wconf 80' lang='lat' dir='ltr'><strong>synizesin</strong></span> <span class='ocrx_word' id='word_1_306' title='bbox 696 4357 930 4438; x_wconf 82' lang='lat' dir='ltr'><strong>praetendentes</strong></span> <span class='ocrx_word' id='word_1_307' title='bbox 952 4375 1039 4439; x_wconf 70' lang='grc' dir='ltr'><strong><em>οιιοιο</em></strong></span> <span class='ocrx_word' id='word_1_308' title='bbox 1060 4353 1093 4417; x_wconf 91' lang='lat' dir='ltr'><strong>in</strong></span> <span class='ocrx_word' id='word_1_309' title='bbox 1107 4354 1223 4421; x_wconf 79' lang='lat' dir='ltr'><strong>deliciis</strong></span> 
     </span>
    </p>

    <p class='ocr_par' dir='ltr' id='par_1_14' title="bbox 974 4463 1015 4523">
     <span class='ocr_line' id='line_1_39' title="bbox 974 4463 1015 4523; baseline 0 -26"><span class='ocrx_word' id='word_1_310' title='bbox 974 4463 993 4523; x_wconf 62' lang='grc' dir='ltr'>ὅ</span> <span class='ocrx_word' id='word_1_311' title='bbox 1002 4464 1015 4497; x_wconf 51' lang='grc' dir='ltr'><strong>ἢ</strong></span> 
     </span>
    </p>
   </div>
   <div class='ocr_carea' id='block_1_9' title="bbox 0 0 1382 4950">
    <p class='ocr_par' dir='ltr' id='par_1_15' title="bbox 0 0 1382 4950">
     <span class='ocr_line' id='line_1_40' title="bbox 0 0 1382 4950; baseline 0 0"><span class='ocrx_word' id='word_1_312' title='bbox 0 0 1382 4950; x_wconf 95' lang='lat' dir='ltr'><strong> </strong></span> 
     </span>
    </p>
   </div>
  </div>
 </body>
</html>
