2746 4950
658 307 700 375 33

142 481 184 548 Ιε.
203 479 333 547 Vossius
350 477 540 544 scribendum
562 479 692 545 oonieoit
712 480 778 543 leot
790 486 821 541 ει
835 486 987 542 resonant
994 476 1155 563 plangore
1169 497 1221 540 aa·

141 586 258 661 odiant,
290 583 447 668 probatum
463 580 536 644 illud
559 603 578 646 a
595 579 800 648 Valckenario
821 580 859 642 ad
876 576 955 643 Eur.
978 577 1070 661 llipp.
1099 599 1129 662 p.
1143 583 1219 654 293,

139 687 282 753 refellere
293 683 368 751 nihil
381 703 455 767 opus
470 694 531 762 εει,
555 704 622 748 oum
636 680 723 766 quasi
737 679 934 766 propriumin
949 679 1226 769 comparationibus,

140 788 252 854 habere
265 788 365 853 looum
383 786 583 871 parenthoses
597 784 649 850 vel
663 781 825 849 Homerios
838 792 891 849 aut
902 780 1072 866 Virgiliana
1083 779 1222 866 exempla

139 891 217 955 satis
238 890 414 957 ostendant.

227 1011 291 1079 Sed
309 1013 343 1078 in
363 1011 496 1078 oarmine
517 1019 555 1077 m
581 1014 626 1097 (p.
644 1017 697 1088 26,
722 1011 831 1091 13εε.)
853 1008 1011 1075 manifesto
1031 1008 1223 1093 depravatum

140 1127 189 1181 est
201 1115 278 1199 quod
290 1115 322 1180 in
335 1112 420 1179 libris
435 1112 560 1198 legitur,

265 1230 397 1320 lingua
416 1231 476 1297 sed
496 1241 609 1320 torpet,
632 1233 735 1298 tenuis
755 1231 813 1296 sab
835 1238 924 1295 artus

264 1332 409 1402 Flamma
430 1335 586 1411 deaaoat,
609 1335 715 1398 souitu
734 1340 842 1417 suopte

270 1434 436 1501 Ίῖπιίπαηι
455 1455 562 1510 aures,
582 1434 712 1518 germina
734 1441 885 1518 tegantur

557 1531 693 1598 Dumana
714 1544 814 1598 noete.
918 1535 925 1543 “

136 1641 240 1739 ¹neque
256 1649 377 1740 Sappho
391 1651 532 1717 similiter
545 1651 625 1716 dixit
640 1672 738 1737 neque
753 1649 894 1717 Catullus
909 1661 970 1715 tam
985 1648 1087 1736 inepte
1104 1652 1224 1715 loeutus

140 1767 206 1820 est:
231 1775 299 1818 nam
322 1754 400 1839 quod
422 1753 542 1838 quidam
564 1755 607 1819 ait
622 1754 773 1838 geminam
791 1762 911 1818 nootem
926 1772 996 1818 esse
1014 1751 1224 1817 densissimam

138 1855 310 1942 caliginem,
327 1877 388 1920 non
402 1856 570 1939 loquuntur
581 1855 625 1919 ita
632 1854 749 1921 Latini.
770 1855 874 1940 itaque
888 1863 974 1920 reete
988 1853 1107 1938 quidem
1121 1852 1226 1919 Leon·

139 1957 253 2021 hardus
265 1954 449 2041 Spengolius
457 1955 625 2020 mutatione
639 1944 740 2040 aliqua
752 1977 828 2040 opus
841 1977 911 2020 esse
924 1955 1090 2034 intellexit,
1102 1957 1225 2021 sednon

139 2069 225 2124 τεειε
247 2057 366 2144 putavit
386 2054 549 2143 seripsisse
572 2069 692 2142 poetam
708 2058 837 2144 gemina
860 2069 893 2121 ει
920 2067 1072 2143 teguntur
1091 2055 1227 2122 Lamina

138 2170 238 2225 noete.
263 2159 320 2222 hoo
343 2159 424 2224 enim
445 2159 474 2223 si
493 2158 671 2244 recipimus,
694 2169 833 2223 remanet
851 2180 996 2224 versuum
1012 2159 1158 2245 quoddam
1179 2161 1226 2224 in·

140 2262 339 2348 eommodum,
362 2261 394 2325 in
417 2283 476 2346 quo
500 2261 650 2351 neminem
674 2261 838 2326 offendisse
860 2260 965 2325 miror.
995 2281 1065 2325 nam
1077 2259 1225 2326 orationis

139 2364 251 2429 incisio
281 2386 348 2428 eum
368 2384 480 2428 versus
503 2385 632 2428 caesura
657 2374 707 2428 ter
726 2363 759 2427 in
785 2363 890 2427 eadem
918 2361 1043 2448 stropha
1070 2363 1224 2446 congruit,

140 2462 272 2550 Lingua
292 2464 350 2527 sed
369 2473 483 2548 torpet,
512 2463 654 2528 Flamma
671 2464 829 2540 detranat,
864 2463 1027 2528 Telesinam
1043 2486 1156 2528 aoros.-
1179 2464 1227 2528 in·

142 2564 265 2649 dignum
286 2564 342 2628 hoo
361 2573 428 2628 arte
450 2560 564 2629 Catulli
586 2575 635 2629 εει
659 2585 757 2648 neque
784 2565 943 2650 quiequam
966 2565 1122 2631 consimile
1148 2568 1227 2652 apud

141 2663 301 2731 Horatium
315 2665 484 2730 invenitur.
509 2687 603 2751 quare
617 2666 721 2753 pulcra
737 2676 786 2730 est
804 2663 949 2732 Iohannis
966 2665 1143 2747 Schraderi‚
1167 2669 1225 2733 viri

141 2768 409 2855 praestantissimi,
422 2768 606 2848 emendatio,
624 2769 791 2834 Tintinant
800 2791 893 2834 aanor
902 2771 1059 2857 geminae,
1076 2781 1108 2834 ει
1122 2771 1226 2855 pulcre

141 2870 259 2936 variato
280 2869 571 2935 verbornm'ordine
593 2870 667 2935 haee
688 2874 907 2951 annectuntur,
939 2882 1090 2958 tegantur
1108 2873 1226 2938 lamina

142 2981 242 3036 nocto.
267 2969 403 3056 geminas
426 2991 517 3034 aures
538 2971 625 3059 multi
646 2973 751 3034 dieunt
768 2983 799 3035 ει
813 2993 903 3056 saepe
921 2973 964 3037 ita
982 2983 1017 3037 ut
1029 2973 1162 3038 abundet
1175 2949 1225 3038 ad-

142 3072 298 3151 iectivum,
321 3071 410 3157 quale
432 3072 511 3156 apud
531 3068 685 3137 Catullum
709 3083 759 3137 est
781 3094 875 3138 emm.
895 3080 948 3153 63,
963 3082 1004 3140 75
1032 3079 1077 3158 (p.
1095 3083 1149 3154 41,
1171 3079 1225 3158 ts)

145 3171 291 3239 Geminas
306 3174 433 3238 deorum
447 3174 494 3240 ad
505 3197 599 3239 aoros
612 3195 693 3238 nova
704 3175 821 3240 nunoaa
838 3166 993 3260 reserens,
1016 3176 1072 3241 sed
1085 3175 1135 3240 hio
1153 3178 1225 3242 Tio-

142 3277 246 3338 tiaaat
266 3296 360 3339 aures
377 3279 525 3362 geminae
549 3275 686 3360 graviter
700 3275 813 3339 dietum
829 3289 879 3340 est
895 3288 986 3361 atque
1007 3289 1042 3339 ut
1059 3279 1225 3359 eomparari

142 3375 269 3460 quodam
292 3375 380 3439 modo
402 3376 524 3459 possint
543 3396 620 3459 quae
640 3374 830 3439 indissimili
850 3377 1008 3441 admodum
1026 3375 1105 3440 libro
1118 3378 1225 3485 lopun·

143 3489 205 3540 tur.
231 3477 306 3540 haee
326 3477 393 3541 dieo
411 3499 452 3542 ex
473 3477 597 3562 vulgata
617 3474 763 3540 librorum
783 3498 938 3543 sacrorum
959 3476 1223 3565 interpretatione,

145 3585 159 3644 1
179 3597 246 3662 reg.
265 3582 298 3655 3,
313 3585 349 3642 11
373 3599 443 3643 ecoe
458 3596 519 3666 ogo*
528 3579 623 3665 sario
637 3578 762 3643 verbam
777 3582 810 3644 io
824 3578 940 3658 Israel,
956 3581 1042 3670 qaod
1051 3584 1225 3672 quicunque

141 3678 293 3757 audant,
311 3679 446 3749 dianam
456 3680 562 3744 ambae
577 3702 670 3744 aures
683 3684 762 3756 aas,
785 3693 818 3744 et
830 3689 851 3747 4
863 3702 930 3766 reg.
947 3688 1001 3762 21,
1020 3689 1059 3750 12
1082 3676 1152 3749 ecoe
1166 3707 1225 3772 ogo

142 3781 287 3847 idaeam
297 3780 383 3844 mala
396 3802 492 3867 saper
505 3779 677 3846 Imasalom
692 3779 856 3860 eamdam,
879 3792 918 3848 at
929 3786 1105 3873 quoeunque
1119 3779 1224 3853 audia-

141 3882 198 3957 ηἰ,
222 3882 479 3949 lamentandae
493 3904 590 3948 aures
605 3884 683 3947 aias.

227 3996 345 4067 Deinde
366 4023 460 4067 earm.
482 4008 536 4081 61,
557 4009 651 4070 12ss.
674 4003 719 4088 (p.
736 4009 791 4082 42,
813 3992 921 4088 less.)
943 4006 1030 4091 Argo
1048 4006 1135 4071 navis
1156 4026 1224 4068 our·

143 4121 209 4168 sum
223 4099 390 4169 instituens
405 4102 600 4182 deser-ibitur,

229 4220 317 4305 Quae
337 4223 432 4287 simul
450 4244 490 4288 ao
510 4231 615 4288 rosam
636 4234 795 4290 ventosam
813 4224 974 4310 proscidit
993 4243 1110 4308 aequos·

230 4321 387 4412 Tortaque
408 4326 541 4413 remmio
562 4327 680 4413 spumat
700 4325 865 4390 recanduit
883 4323 980 4398 uada,

133 4427 140 4436 ’
997 4431 1016 4489 3
