<?xml version="1.0" encoding="UTF-8"?>
<!DOCTYPE html PUBLIC "-//W3C//DTD XHTML 1.0 Transitional//EN"
    "http://www.w3.org/TR/xhtml1/DTD/xhtml1-transitional.dtd">
<html xmlns="http://www.w3.org/1999/xhtml" xml:lang="en" lang="en">
 <head>
  <title>
</title>
<meta http-equiv="Content-Type" content="text/html;charset=utf-8" />
  <meta name='ocr-system' content='tesseract 3.04.00' />
  <meta name='ocr-capabilities' content='ocr_page ocr_carea ocr_par ocr_line ocrx_word'/>
</head>
<body>
  <div class='ocr_page' id='page_1' title='image "./mauriciihauptii00haupgoog/mauriciihauptii00haupgoog_0071.png"; bbox 0 0 2746 4950; ppageno 0'>
   <div class='ocr_carea' id='block_1_1' title="bbox 739 261 783 328">
    <p class='ocr_par' dir='ltr' id='par_1_1' title="bbox 739 261 783 328">
     <span class='ocr_line' id='line_1_1' title="bbox 739 261 783 328; baseline 0 0"><span class='ocrx_word' id='word_1_1' title='bbox 739 261 783 328; x_wconf 75' lang='lat' dir='ltr'><strong>et</strong></span> 
     </span>
    </p>
   </div>
   <div class='ocr_carea' id='block_1_2' title="bbox 219 433 1326 4391">
    <p class='ocr_par' dir='ltr' id='par_1_2' title="bbox 219 433 1326 4391">
     <span class='ocr_line' id='line_1_2' title="bbox 225 433 1317 528; baseline 0.006 -28"><span class='ocrx_word' id='word_1_2' title='bbox 225 436 355 521; x_wconf 90' lang='lat' dir='ltr'><strong>gendum</strong></span> <span class='ocrx_word' id='word_1_3' title='bbox 380 453 464 512; x_wconf 88' lang='lat' dir='ltr'><strong>esse,</strong></span> <span class='ocrx_word' id='word_1_4' title='bbox 488 433 546 496; x_wconf 94' lang='lat' dir='ltr'><strong>hoc</strong></span> <span class='ocrx_word' id='word_1_5' title='bbox 563 454 641 498; x_wconf 89' lang='lat' dir='ltr'><strong>vero</strong></span> <span class='ocrx_word' id='word_1_6' title='bbox 662 434 741 499; x_wconf 88' lang='lat' dir='ltr'><strong>male</strong></span> <span class='ocrx_word' id='word_1_7' title='bbox 760 453 808 497; x_wconf 88' lang='lat' dir='ltr'><strong>me</strong></span> <span class='ocrx_word' id='word_1_8' title='bbox 822 433 924 499; x_wconf 85' lang='lat' dir='ltr'><strong>habet.</strong></span> <span class='ocrx_word' id='word_1_9' title='bbox 955 434 1009 498; x_wconf 79' lang='grc' dir='ltr'><strong>καί</strong></span> <span class='ocrx_word' id='word_1_10' title='bbox 1022 438 1133 517; x_wconf 72' lang='grc' dir='ltr'><strong><em>μᾶλλον</em></strong></span> <span class='ocrx_word' id='word_1_11' title='bbox 1145 442 1262 528; x_wconf 79' lang='lat' dir='ltr'><strong>inquit,</strong></span> <span class='ocrx_word' id='word_1_12' title='bbox 1285 457 1317 511; x_wconf 84' lang='lat' dir='ltr'><strong>at</strong></span> 
     </span>
     <span class='ocr_line' id='line_1_3' title="bbox 224 535 1317 630; baseline -0.005 -27"><span class='ocrx_word' id='word_1_13' title='bbox 224 560 282 603; x_wconf 80' lang='lat' dir='ltr'><strong>nos</strong></span> <span class='ocrx_word' id='word_1_14' title='bbox 302 537 382 601; x_wconf 85' lang='lat' dir='ltr'><strong>nocb</strong></span> <span class='ocrx_word' id='word_1_15' title='bbox 402 535 491 600; x_wconf 79' lang='lat' dir='ltr'><strong>mehr</strong></span> <span class='ocrx_word' id='word_1_16' title='bbox 502 558 563 600; x_wconf 83' lang='lat' dir='ltr'><strong>non</strong></span> <span class='ocrx_word' id='word_1_17' title='bbox 577 539 675 601; x_wconf 83' lang='lat' dir='ltr'><strong>solum</strong></span> <span class='ocrx_word' id='word_1_18' title='bbox 688 536 727 601; x_wconf 84' lang='lat' dir='ltr'><strong>de</strong></span> <span class='ocrx_word' id='word_1_19' title='bbox 746 558 781 600; x_wconf 87' lang='lat' dir='ltr'><strong>eo</strong></span> <span class='ocrx_word' id='word_1_20' title='bbox 794 535 925 600; x_wconf 65' lang='lat' dir='ltr'><strong>Manus</strong></span> <span class='ocrx_word' id='word_1_21' title='bbox 940 538 1027 623; x_wconf 85' lang='lat' dir='ltr'><strong>quod</strong></span> <span class='ocrx_word' id='word_1_22' title='bbox 1035 541 1114 625; x_wconf 82' lang='lat' dir='ltr'><strong>plus</strong></span> <span class='ocrx_word' id='word_1_23' title='bbox 1126 565 1221 630; x_wconf 78' lang='lat' dir='ltr'><strong>qaam</strong></span> <span class='ocrx_word' id='word_1_24' title='bbox 1241 550 1317 613; x_wconf 64' lang='lat' dir='ltr'><strong>mul.</strong></span> 
     </span>
     <span class='ocr_line' id='line_1_4' title="bbox 226 637 1319 725; baseline 0.008 -20"><span class='ocrx_word' id='word_1_25' title='bbox 226 649 302 716; x_wconf 74' lang='lat' dir='ltr'><strong>tran,</strong></span> <span class='ocrx_word' id='word_1_26' title='bbox 324 638 382 702; x_wconf 85' lang='lat' dir='ltr'><strong>scd</strong></span> <span class='ocrx_word' id='word_1_27' title='bbox 393 639 487 702; x_wconf 84' lang='lat' dir='ltr'><strong>etiam</strong></span> <span class='ocrx_word' id='word_1_28' title='bbox 502 638 540 701; x_wconf 83' lang='lat' dir='ltr'><strong>do</strong></span> <span class='ocrx_word' id='word_1_29' title='bbox 554 661 588 703; x_wconf 86' lang='lat' dir='ltr'><strong>co</strong></span> <span class='ocrx_word' id='word_1_30' title='bbox 603 637 688 725; x_wconf 84' lang='lat' dir='ltr'><strong>quod</strong></span> <span class='ocrx_word' id='word_1_31' title='bbox 696 638 770 723; x_wconf 80' lang='lat' dir='ltr'><strong>plus</strong></span> <span class='ocrx_word' id='word_1_32' title='bbox 783 659 876 725; x_wconf 82' lang='lat' dir='ltr'><strong>quam</strong></span> <span class='ocrx_word' id='word_1_33' title='bbox 883 660 1002 724; x_wconf 83' lang='lat' dir='ltr'><strong>parum</strong></span> <span class='ocrx_word' id='word_1_34' title='bbox 1022 652 1081 708; x_wconf 82' lang='lat' dir='ltr'><strong>est.</strong></span> <span class='ocrx_word' id='word_1_35' title='bbox 1104 655 1143 711; x_wconf 80' lang='lat' dir='ltr'><strong>ut</strong></span> <span class='ocrx_word' id='word_1_36' title='bbox 1154 646 1216 712; x_wconf 81' lang='lat' dir='ltr'><strong>boc</strong></span> <span class='ocrx_word' id='word_1_37' title='bbox 1230 648 1319 714; x_wconf 83' lang='lat' dir='ltr'><strong>dicet</strong></span> 
     </span>
     <span class='ocr_line' id='line_1_5' title="bbox 219 740 1316 829; baseline 0.01 -25"><span class='ocrx_word' id='word_1_38' title='bbox 219 750 331 829; x_wconf 76' lang='lat' dir='ltr'><strong>poeta,</strong></span> <span class='ocrx_word' id='word_1_39' title='bbox 353 741 472 825; x_wconf 73' lang='lat' dir='ltr'><strong>mergah</strong></span> <span class='ocrx_word' id='word_1_40' title='bbox 486 740 607 824; x_wconf 79' lang='lat' dir='ltr'><strong>quidem</strong></span> <span class='ocrx_word' id='word_1_41' title='bbox 632 762 694 803; x_wconf 81' lang='lat' dir='ltr'><strong>non</strong></span> <span class='ocrx_word' id='word_1_42' title='bbox 715 740 843 804; x_wconf 79' lang='lat' dir='ltr'><strong>multum</strong></span> <span class='ocrx_word' id='word_1_43' title='bbox 864 740 1055 808; x_wconf 81' lang='lat' dir='ltr'><strong>celebratum</strong></span> <span class='ocrx_word' id='word_1_44' title='bbox 1075 767 1144 811; x_wconf 84' lang='lat' dir='ltr'><strong>esse</strong></span> <span class='ocrx_word' id='word_1_45' title='bbox 1167 751 1316 826; x_wconf 62' lang='lat' dir='ltr'><strong>eumdem,</strong></span> 
     </span>
     <span class='ocr_line' id='line_1_6' title="bbox 225 841 1318 934; baseline 0.008 -28"><span class='ocrx_word' id='word_1_46' title='bbox 225 841 283 907; x_wconf 79' lang='lat' dir='ltr'><strong>aad</strong></span> <span class='ocrx_word' id='word_1_47' title='bbox 296 852 397 906; x_wconf 82' lang='lat' dir='ltr'><strong>tamen</strong></span> <span class='ocrx_word' id='word_1_48' title='bbox 412 843 531 926; x_wconf 74' lang='lat' dir='ltr'><strong>mergis</strong></span> <span class='ocrx_word' id='word_1_49' title='bbox 543 844 753 929; x_wconf 57' lang='grc' dir='ltr'><strong><em>οιοῦηὲοοοοοι</em></strong></span> <span class='ocrx_word' id='word_1_50' title='bbox 767 845 865 928; x_wconf 85' lang='lat' dir='ltr'><strong>equis.</strong></span> <span class='ocrx_word' id='word_1_51' title='bbox 889 841 965 907; x_wconf 88' lang='lat' dir='ltr'><strong>haee</strong></span> <span class='ocrx_word' id='word_1_52' title='bbox 980 865 1044 908; x_wconf 94' lang='lat' dir='ltr'><strong>non</strong></span> <span class='ocrx_word' id='word_1_53' title='bbox 1057 869 1195 931; x_wconf 88' lang='lat' dir='ltr'><strong>possum,</strong></span> <span class='ocrx_word' id='word_1_54' title='bbox 1213 873 1318 934; x_wconf 87' lang='lat' dir='ltr'><strong>quam·</strong></span> 
     </span>
     <span class='ocr_line' id='line_1_7' title="bbox 226 942 1317 1027; baseline 0.008 -19"><span class='ocrx_word' id='word_1_55' title='bbox 226 943 275 1008; x_wconf 86' lang='lat' dir='ltr'><strong>vis</strong></span> <span class='ocrx_word' id='word_1_56' title='bbox 295 944 444 1020; x_wconf 71' lang='lat' dir='ltr'><strong>studeam</strong></span> <span class='ocrx_word' id='word_1_57' title='bbox 467 942 661 1026; x_wconf 75' lang='lat' dir='ltr'><strong>intellegere.</strong></span> <span class='ocrx_word' id='word_1_58' title='bbox 707 944 835 1027; x_wconf 87' lang='lat' dir='ltr'><strong>primum</strong></span> <span class='ocrx_word' id='word_1_59' title='bbox 864 944 891 1009; x_wconf 92' lang='lat' dir='ltr'><strong>si</strong></span> <span class='ocrx_word' id='word_1_60' title='bbox 914 945 1099 1026; x_wconf 75' lang='grc' dir='ltr'><strong><em>καὶμᾶλλον</em></strong></span> <span class='ocrx_word' id='word_1_61' title='bbox 1119 951 1317 1016; x_wconf 90' lang='lat' dir='ltr'><strong>coniunctum</strong></span> 
     </span>
     <span class='ocr_line' id='line_1_8' title="bbox 228 1045 1315 1131; baseline 0.006 -21"><span class='ocrx_word' id='word_1_62' title='bbox 228 1066 299 1112; x_wconf 87' lang='lat' dir='ltr'><strong>esse</strong></span> <span class='ocrx_word' id='word_1_63' title='bbox 320 1055 473 1129; x_wconf 88' lang='lat' dir='ltr'><strong>putamus,</strong></span> <span class='ocrx_word' id='word_1_64' title='bbox 496 1045 594 1108; x_wconf 91' lang='lat' dir='ltr'><strong>minus</strong></span> <span class='ocrx_word' id='word_1_65' title='bbox 616 1045 721 1128; x_wconf 90' lang='lat' dir='ltr'><strong>pulcre</strong></span> <span class='ocrx_word' id='word_1_66' title='bbox 737 1045 805 1109; x_wconf 91' lang='lat' dir='ltr'><strong>sinc</strong></span> <span class='ocrx_word' id='word_1_67' title='bbox 822 1066 907 1111; x_wconf 84' lang='lat' dir='ltr'><strong>nexu</strong></span> <span class='ocrx_word' id='word_1_68' title='bbox 921 1046 1041 1131; x_wconf 89' lang='lat' dir='ltr'><strong>positus</strong></span> <span class='ocrx_word' id='word_1_69' title='bbox 1056 1062 1107 1115; x_wconf 89' lang='lat' dir='ltr'><strong>est</strong></span> <span class='ocrx_word' id='word_1_70' title='bbox 1119 1053 1315 1118; x_wconf 76' lang='lat' dir='ltr'><strong>versiculus:</strong></span> 
     </span>
     <span class='ocr_line' id='line_1_9' title="bbox 226 1144 1318 1232; baseline 0.006 -21"><span class='ocrx_word' id='word_1_71' title='bbox 226 1167 296 1211; x_wconf 89' lang='lat' dir='ltr'><strong>nam</strong></span> <span class='ocrx_word' id='word_1_72' title='bbox 315 1148 394 1230; x_wconf 88' lang='lat' dir='ltr'><strong>quod</strong></span> <span class='ocrx_word' id='word_1_73' title='bbox 410 1146 565 1210; x_wconf 73' lang='lat' dir='ltr'><strong>antecedit</strong></span> <span class='ocrx_word' id='word_1_74' title='bbox 584 1144 635 1209; x_wconf 81' lang='lat' dir='ltr'><strong>olo</strong></span> <span class='ocrx_word' id='word_1_75' title='bbox 656 1144 687 1206; x_wconf 80' lang='grc' dir='ltr'><strong>θ’</strong></span> <span class='ocrx_word' id='word_1_76' title='bbox 708 1145 832 1222; x_wconf 77' lang='grc' dir='ltr'><em>ἁλιπλὴξ</em></span> <span class='ocrx_word' id='word_1_77' title='bbox 854 1170 916 1213; x_wconf 93' lang='lat' dir='ltr'><strong>non</strong></span> <span class='ocrx_word' id='word_1_78' title='bbox 934 1160 1038 1232; x_wconf 91' lang='lat' dir='ltr'><strong>potest</strong></span> <span class='ocrx_word' id='word_1_79' title='bbox 1058 1173 1123 1217; x_wconf 90' lang='lat' dir='ltr'><strong>enm</strong></span> <span class='ocrx_word' id='word_1_80' title='bbox 1144 1154 1203 1219; x_wconf 91' lang='lat' dir='ltr'><strong>hoc</strong></span> <span class='ocrx_word' id='word_1_81' title='bbox 1215 1154 1318 1220; x_wconf 88' lang='lat' dir='ltr'><strong>versi·</strong></span> 
     </span>
     <span class='ocr_line' id='line_1_10' title="bbox 227 1244 1314 1334; baseline 0.003 -19"><span class='ocrx_word' id='word_1_82' title='bbox 227 1247 295 1315; x_wconf 93' lang='lat' dir='ltr'><strong>culo</strong></span> <span class='ocrx_word' id='word_1_83' title='bbox 318 1247 475 1332; x_wconf 88' lang='lat' dir='ltr'><strong>coniungi,</strong></span> <span class='ocrx_word' id='word_1_84' title='bbox 505 1247 639 1332; x_wconf 82' lang='lat' dir='ltr'><strong>pertinet</strong></span> <span class='ocrx_word' id='word_1_85' title='bbox 664 1248 703 1311; x_wconf 91' lang='lat' dir='ltr'><strong>ad</strong></span> <span class='ocrx_word' id='word_1_86' title='bbox 722 1244 856 1332; x_wconf 77' lang='grc' dir='ltr'><strong><em>ἄτροφος</em></strong></span> <span class='ocrx_word' id='word_1_87' title='bbox 877 1251 1063 1317; x_wconf 87' lang='lat' dir='ltr'><strong>vocabulum.</strong></span> <span class='ocrx_word' id='word_1_88' title='bbox 1103 1273 1204 1334; x_wconf 82' lang='lat' dir='ltr'><strong>neque</strong></span> <span class='ocrx_word' id='word_1_89' title='bbox 1228 1256 1314 1318; x_wconf 87' lang='lat' dir='ltr'><strong>enim</strong></span> 
     </span>
     <span class='ocr_line' id='line_1_11' title="bbox 226 1348 1313 1438; baseline 0.004 -23"><span class='ocrx_word' id='word_1_90' title='bbox 226 1362 311 1416; x_wconf 90' lang='lat' dir='ltr'><strong>recte</strong></span> <span class='ocrx_word' id='word_1_91' title='bbox 335 1350 489 1414; x_wconf 85' lang='lat' dir='ltr'><strong>diceretur</strong></span> <span class='ocrx_word' id='word_1_92' title='bbox 510 1349 596 1433; x_wconf 82' lang='lat' dir='ltr'><strong>cquis</strong></span> <span class='ocrx_word' id='word_1_93' title='bbox 612 1370 717 1413; x_wconf 87' lang='lat' dir='ltr'><strong>carere</strong></span> <span class='ocrx_word' id='word_1_94' title='bbox 732 1348 834 1414; x_wconf 92' lang='lat' dir='ltr'><strong>insula</strong></span> <span class='ocrx_word' id='word_1_95' title='bbox 848 1364 1009 1436; x_wconf 86' lang='lat' dir='ltr'><strong>propterea</strong></span> <span class='ocrx_word' id='word_1_96' title='bbox 1020 1353 1098 1438; x_wconf 83' lang='lat' dir='ltr'><strong>quod</strong></span> <span class='ocrx_word' id='word_1_97' title='bbox 1111 1365 1197 1418; x_wconf 86' lang='lat' dir='ltr'><strong>esset</strong></span> <span class='ocrx_word' id='word_1_98' title='bbox 1212 1376 1232 1418; x_wconf 90' lang='lat' dir='ltr'><strong>a</strong></span> <span class='ocrx_word' id='word_1_99' title='bbox 1246 1377 1313 1419; x_wconf 92' lang='lat' dir='ltr'><strong>ma·</strong></span> 
     </span>
     <span class='ocr_line' id='line_1_12' title="bbox 227 1451 1309 1538; baseline 0 -21"><span class='ocrx_word' id='word_1_100' title='bbox 227 1452 305 1518; x_wconf 93' lang='lat' dir='ltr'><strong>rinis</strong></span> <span class='ocrx_word' id='word_1_101' title='bbox 319 1452 646 1516; x_wconf 88' lang='lat' dir='ltr'><strong>ductibusverberata:</strong></span> <span class='ocrx_word' id='word_1_102' title='bbox 665 1451 870 1537; x_wconf 87' lang='lat' dir='ltr'><strong>diciturcquis</strong></span> <span class='ocrx_word' id='word_1_103' title='bbox 879 1475 984 1520; x_wconf 87' lang='lat' dir='ltr'><strong>carere</strong></span> <span class='ocrx_word' id='word_1_104' title='bbox 997 1455 1136 1538; x_wconf 88' lang='lat' dir='ltr'><strong>qnoniam</strong></span> <span class='ocrx_word' id='word_1_105' title='bbox 1146 1455 1243 1519; x_wconf 83' lang='lat' dir='ltr'><strong>insula</strong></span> <span class='ocrx_word' id='word_1_106' title='bbox 1257 1467 1309 1518; x_wconf 91' lang='lat' dir='ltr'><strong>est</strong></span> 
     </span>
     <span class='ocr_line' id='line_1_13' title="bbox 229 1551 1314 1641; baseline -0.004 -21"><span class='ocrx_word' id='word_1_107' title='bbox 229 1566 262 1621; x_wconf 87' lang='lat' dir='ltr'><strong>et</strong></span> <span class='ocrx_word' id='word_1_108' title='bbox 274 1567 378 1641; x_wconf 89' lang='lat' dir='ltr'><strong>aperte</strong></span> <span class='ocrx_word' id='word_1_109' title='bbox 392 1553 633 1618; x_wconf 82' lang='lat' dir='ltr'><strong>obversabantur</strong></span> <span class='ocrx_word' id='word_1_110' title='bbox 648 1551 1102 1622; x_wconf 85' lang='lat' dir='ltr'><strong>animoCallimachillomerioa</strong></span> <span class='ocrx_word' id='word_1_111' title='bbox 1114 1557 1178 1636; x_wconf 87' lang='lat' dir='ltr'><strong>illa,</strong></span> <span class='ocrx_word' id='word_1_112' title='bbox 1197 1555 1242 1618; x_wconf 80' lang='grc' dir='ltr'><strong>Οὐ</strong></span> <span class='ocrx_word' id='word_1_113' title='bbox 1254 1553 1314 1640; x_wconf 77' lang='grc' dir='ltr'><strong>γάρ</strong></span> 
     </span>
     <span class='ocr_line' id='line_1_14' title="bbox 228 1653 1321 1736; baseline 0 -18"><span class='ocrx_word' id='word_1_114' title='bbox 228 1681 273 1729; x_wconf 79' lang='grc' dir='ltr'><strong>τις</strong></span> <span class='ocrx_word' id='word_1_115' title='bbox 284 1655 384 1733; x_wconf 73' lang='grc' dir='ltr'><strong><em>νήσων</em></strong></span> <span class='ocrx_word' id='word_1_116' title='bbox 398 1653 570 1731; x_wconf 76' lang='grc' dir='ltr'><strong><em>ἱππήλατος,</em></strong></span> <span class='ocrx_word' id='word_1_117' title='bbox 595 1654 663 1719; x_wconf 78' lang='grc' dir='ltr'><strong>οὐδ’</strong></span> <span class='ocrx_word' id='word_1_118' title='bbox 686 1654 838 1736; x_wconf 78' lang='grc' dir='ltr'><em>εὐλείμων,</em></span> <span class='ocrx_word' id='word_1_119' title='bbox 859 1656 937 1719; x_wconf 70' lang='lat' dir='ltr'><strong>Ai&#39;d’</strong></span> <span class='ocrx_word' id='word_1_120' title='bbox 954 1658 1004 1720; x_wconf 80' lang='grc' dir='ltr'><strong>ἁλὶ</strong></span> <span class='ocrx_word' id='word_1_121' title='bbox 1019 1660 1182 1721; x_wconf 77' lang='grc' dir='ltr'><strong><em>κεκλίαται.</em></strong></span> <span class='ocrx_word' id='word_1_122' title='bbox 1209 1666 1321 1721; x_wconf 80' lang='lat' dir='ltr'><strong>contre</strong></span> 
     </span>
     <span class='ocr_line' id='line_1_15' title="bbox 229 1755 1323 1841; baseline -0.001 -19"><span class='ocrx_word' id='word_1_123' title='bbox 229 1769 313 1822; x_wconf 89' lang='lat' dir='ltr'><strong>recte</strong></span> <span class='ocrx_word' id='word_1_124' title='bbox 328 1755 427 1820; x_wconf 89' lang='lat' dir='ltr'><strong>Delus</strong></span> <span class='ocrx_word' id='word_1_125' title='bbox 450 1756 562 1820; x_wconf 91' lang='lat' dir='ltr'><strong>dicitur</strong></span> <span class='ocrx_word' id='word_1_126' title='bbox 579 1769 709 1822; x_wconf 89' lang='lat' dir='ltr'><strong>ventosa</strong></span> <span class='ocrx_word' id='word_1_127' title='bbox 732 1769 763 1821; x_wconf 89' lang='lat' dir='ltr'><strong>ct</strong></span> <span class='ocrx_word' id='word_1_128' title='bbox 784 1757 912 1836; x_wconf 88' lang='lat' dir='ltr'><strong>sterilis,</strong></span> <span class='ocrx_word' id='word_1_129' title='bbox 934 1768 1037 1841; x_wconf 84' lang='lat' dir='ltr'><strong>utpote</strong></span> <span class='ocrx_word' id='word_1_130' title='bbox 1053 1778 1131 1840; x_wconf 84' lang='lat' dir='ltr'><strong>quae</strong></span> <span class='ocrx_word' id='word_1_131' title='bbox 1151 1757 1323 1821; x_wconf 87' lang='lat' dir='ltr'><strong>amerinis</strong></span> 
     </span>
     <span class='ocr_line' id='line_1_16' title="bbox 228 1858 1324 1945; baseline -0.002 -21"><span class='ocrx_word' id='word_1_132' title='bbox 228 1859 370 1924; x_wconf 88' lang='lat' dir='ltr'><strong>ductibus</strong></span> <span class='ocrx_word' id='word_1_133' title='bbox 382 1858 574 1924; x_wconf 86' lang='lat' dir='ltr'><strong>verberetur.</strong></span> <span class='ocrx_word' id='word_1_134' title='bbox 604 1861 714 1945; x_wconf 87' lang='lat' dir='ltr'><strong>nequis</strong></span> <span class='ocrx_word' id='word_1_135' title='bbox 729 1873 829 1925; x_wconf 91' lang='lat' dir='ltr'><strong>autem</strong></span> <span class='ocrx_word' id='word_1_136' title='bbox 844 1871 930 1945; x_wconf 86' lang='lat' dir='ltr'><strong>putet</strong></span> <span class='ocrx_word' id='word_1_137' title='bbox 946 1859 980 1923; x_wconf 90' lang='lat' dir='ltr'><strong>in</strong></span> <span class='ocrx_word' id='word_1_138' title='bbox 992 1859 1049 1923; x_wconf 85' lang='lat' dir='ltr'><strong>hac</strong></span> <span class='ocrx_word' id='word_1_139' title='bbox 1061 1858 1226 1923; x_wconf 82' lang='lat' dir='ltr'><strong>verborum</strong></span> <span class='ocrx_word' id='word_1_140' title='bbox 1241 1879 1324 1922; x_wconf 88' lang='lat' dir='ltr'><strong>oon·</strong></span> 
     </span>
     <span class='ocr_line' id='line_1_17' title="bbox 228 1958 1326 2041; baseline -0.002 -15"><span class='ocrx_word' id='word_1_141' title='bbox 228 1961 384 2026; x_wconf 90' lang='lat' dir='ltr'><strong>iunctione</strong></span> <span class='ocrx_word' id='word_1_142' title='bbox 404 1983 466 2023; x_wconf 93' lang='lat' dir='ltr'><strong>non</strong></span> <span class='ocrx_word' id='word_1_143' title='bbox 487 1960 582 2024; x_wconf 76' lang='grc' dir='ltr'><strong><em>οἷοίτε</em></strong></span> <span class='ocrx_word' id='word_1_144' title='bbox 603 1965 761 2028; x_wconf 85' lang='lat' dir='ltr'><strong>dicendum</strong></span> <span class='ocrx_word' id='word_1_145' title='bbox 776 1963 884 2041; x_wconf 85' lang='lat' dir='ltr'><strong>fuisse,</strong></span> <span class='ocrx_word' id='word_1_146' title='bbox 910 1961 965 2026; x_wconf 88' lang='lat' dir='ltr'><strong>sed</strong></span> <span class='ocrx_word' id='word_1_147' title='bbox 977 1960 1028 2026; x_wconf 79' lang='grc' dir='ltr'><strong>οἷα</strong></span> <span class='ocrx_word' id='word_1_148' title='bbox 1046 1959 1160 2025; x_wconf 77' lang='lat' dir='ltr'><strong>velcia</strong></span> <span class='ocrx_word' id='word_1_149' title='bbox 1176 1958 1229 2035; x_wconf 82' lang='grc' dir='ltr'><strong>δή,</strong></span> <span class='ocrx_word' id='word_1_150' title='bbox 1256 1960 1326 2024; x_wconf 91' lang='lat' dir='ltr'><strong>dis·</strong></span> 
     </span>
     <span class='ocr_line' id='line_1_18' title="bbox 229 2058 1321 2147; baseline -0.002 -19"><span class='ocrx_word' id='word_1_151' title='bbox 229 2063 344 2128; x_wconf 87' lang='lat' dir='ltr'><strong>crimen</strong></span> <span class='ocrx_word' id='word_1_152' title='bbox 360 2062 431 2125; x_wconf 92' lang='lat' dir='ltr'><strong>illud</strong></span> <span class='ocrx_word' id='word_1_153' title='bbox 455 2063 533 2145; x_wconf 88' lang='lat' dir='ltr'><strong>quod</strong></span> <span class='ocrx_word' id='word_1_154' title='bbox 549 2061 743 2128; x_wconf 88' lang='lat' dir='ltr'><strong>llermannus</strong></span> <span class='ocrx_word' id='word_1_155' title='bbox 765 2064 957 2147; x_wconf 79' lang='lat' dir='ltr'><strong>significavit,</strong></span> <span class='ocrx_word' id='word_1_156' title='bbox 980 2064 1019 2129; x_wconf 82' lang='lat' dir='ltr'><strong>ad</strong></span> <span class='ocrx_word' id='word_1_157' title='bbox 1033 2062 1125 2146; x_wconf 73' lang='lat' dir='ltr'><strong>iloni.</strong></span> <span class='ocrx_word' id='word_1_158' title='bbox 1140 2061 1172 2125; x_wconf 93' lang='lat' dir='ltr'><strong>h.</strong></span> <span class='ocrx_word' id='word_1_159' title='bbox 1188 2061 1222 2124; x_wconf 95' lang='lat' dir='ltr'><strong>in</strong></span> <span class='ocrx_word' id='word_1_160' title='bbox 1240 2058 1321 2126; x_wconf 84' lang='lat' dir='ltr'><strong>Cer.</strong></span> 
     </span>
     <span class='ocr_line' id='line_1_19' title="bbox 232 2164 1322 2249; baseline -0.002 -19"><span class='ocrx_word' id='word_1_161' title='bbox 232 2172 306 2242; x_wconf 76' lang='lat'><strong>103,</strong></span> <span class='ocrx_word' id='word_1_162' title='bbox 322 2165 479 2226; x_wconf 83' lang='lat' dir='ltr'><strong>ostendam</strong></span> <span class='ocrx_word' id='word_1_163' title='bbox 493 2186 554 2226; x_wconf 96' lang='lat' dir='ltr'><strong>non</strong></span> <span class='ocrx_word' id='word_1_164' title='bbox 568 2186 664 2248; x_wconf 91' lang='lat' dir='ltr'><strong>usqne</strong></span> <span class='ocrx_word' id='word_1_165' title='bbox 678 2186 795 2249; x_wconf 88' lang='lat' dir='ltr'><strong>quaque</strong></span> <span class='ocrx_word' id='word_1_166' title='bbox 811 2165 848 2228; x_wconf 91' lang='lat' dir='ltr'><strong>ab</strong></span> <span class='ocrx_word' id='word_1_167' title='bbox 863 2166 1002 2230; x_wconf 92' lang='lat' dir='ltr'><strong>omnibus</strong></span> <span class='ocrx_word' id='word_1_168' title='bbox 1018 2187 1090 2231; x_wconf 91' lang='lat' dir='ltr'><strong>esse</strong></span> <span class='ocrx_word' id='word_1_169' title='bbox 1105 2164 1322 2242; x_wconf 87' lang='lat' dir='ltr'><strong>observatum,</strong></span> 
     </span>
     <span class='ocr_line' id='line_1_20' title="bbox 230 2264 1323 2349; baseline 0 -18"><span class='ocrx_word' id='word_1_170' title='bbox 230 2267 285 2331; x_wconf 90' lang='lat' dir='ltr'><strong>sed</strong></span> <span class='ocrx_word' id='word_1_171' title='bbox 304 2264 496 2328; x_wconf 74' lang='lat' dir='ltr'><strong>recentiores</strong></span> <span class='ocrx_word' id='word_1_172' title='bbox 518 2276 624 2349; x_wconf 86' lang='lat' dir='ltr'><strong>poetas</strong></span> <span class='ocrx_word' id='word_1_173' title='bbox 647 2266 697 2330; x_wconf 81' lang='grc' dir='ltr'><strong>οἷά</strong></span> <span class='ocrx_word' id='word_1_174' title='bbox 715 2290 746 2329; x_wconf 79' lang='grc' dir='ltr'><strong>τε</strong></span> <span class='ocrx_word' id='word_1_175' title='bbox 768 2267 886 2333; x_wconf 85' lang='lat' dir='ltr'><strong>dixisse</strong></span> <span class='ocrx_word' id='word_1_176' title='bbox 906 2288 967 2332; x_wconf 93' lang='lat' dir='ltr'><strong>non</strong></span> <span class='ocrx_word' id='word_1_177' title='bbox 987 2278 1102 2331; x_wconf 88' lang='lat' dir='ltr'><strong>tantum</strong></span> <span class='ocrx_word' id='word_1_178' title='bbox 1116 2266 1167 2330; x_wconf 93' lang='lat' dir='ltr'><strong>ubi</strong></span> <span class='ocrx_word' id='word_1_179' title='bbox 1181 2287 1251 2330; x_wconf 90' lang='lat' dir='ltr'><strong>rem</strong></span> <span class='ocrx_word' id='word_1_180' title='bbox 1266 2266 1323 2331; x_wconf 90' lang='lat' dir='ltr'><strong>ali·</strong></span> 
     </span>
     <span class='ocr_line' id='line_1_21' title="bbox 230 2366 1324 2457; baseline -0.001 -23"><span class='ocrx_word' id='word_1_181' title='bbox 230 2390 319 2453; x_wconf 82' lang='lat' dir='ltr'><strong>quam</strong></span> <span class='ocrx_word' id='word_1_182' title='bbox 339 2388 406 2431; x_wconf 93' lang='lat' dir='ltr'><strong>cum</strong></span> <span class='ocrx_word' id='word_1_183' title='bbox 427 2366 487 2433; x_wconf 86' lang='lat' dir='ltr'><strong>ulia</strong></span> <span class='ocrx_word' id='word_1_184' title='bbox 510 2367 577 2432; x_wconf 91' lang='lat' dir='ltr'><strong>sine</strong></span> <span class='ocrx_word' id='word_1_185' title='bbox 599 2380 684 2436; x_wconf 88' lang='lat' dir='ltr'><strong>certa</strong></span> <span class='ocrx_word' id='word_1_186' title='bbox 703 2369 880 2457; x_wconf 85' lang='lat' dir='ltr'><strong>delinitione</strong></span> <span class='ocrx_word' id='word_1_187' title='bbox 901 2381 934 2435; x_wconf 91' lang='lat' dir='ltr'><strong>et</strong></span> <span class='ocrx_word' id='word_1_188' title='bbox 946 2368 1033 2454; x_wconf 88' lang='lat' dir='ltr'><strong>quasi</strong></span> <span class='ocrx_word' id='word_1_189' title='bbox 1048 2368 1225 2434; x_wconf 83' lang='lat' dir='ltr'><strong>dubitanter</strong></span> <span class='ocrx_word' id='word_1_190' title='bbox 1241 2391 1324 2433; x_wconf 88' lang='lat' dir='ltr'><strong>cnm·</strong></span> 
     </span>
     <span class='ocr_line' id='line_1_22' title="bbox 232 2457 1323 2556; baseline 0.001 -21"><span class='ocrx_word' id='word_1_191' title='bbox 232 2470 390 2556; x_wconf 87' lang='lat' dir='ltr'><strong>parabant,</strong></span> <span class='ocrx_word' id='word_1_192' title='bbox 422 2471 475 2534; x_wconf 89' lang='lat' dir='ltr'><strong>scd</strong></span> <span class='ocrx_word' id='word_1_193' title='bbox 502 2470 592 2535; x_wconf 90' lang='lat' dir='ltr'><strong>etiam</strong></span> <span class='ocrx_word' id='word_1_194' title='bbox 613 2473 666 2537; x_wconf 92' lang='lat' dir='ltr'><strong>ubi</strong></span> <span class='ocrx_word' id='word_1_195' title='bbox 686 2457 811 2537; x_wconf 86' lang='lat' dir='ltr'><strong>definite</strong></span> <span class='ocrx_word' id='word_1_196' title='bbox 827 2472 1096 2553; x_wconf 80' lang='lat' dir='ltr'><strong>ratiocinabantur.</strong></span> <span class='ocrx_word' id='word_1_197' title='bbox 1142 2469 1323 2555; x_wconf 85' lang='lat' dir='ltr'><strong>Antiphilus</strong></span> 
     </span>
     <span class='ocr_line' id='line_1_23' title="bbox 230 2569 1324 2659; baseline 0 -23"><span class='ocrx_word' id='word_1_198' title='bbox 230 2569 402 2658; x_wconf 82' lang='lat' dir='ltr'><strong>Byzantius</strong></span> <span class='ocrx_word' id='word_1_199' title='bbox 425 2572 591 2638; x_wconf 79' lang='lat' dir='ltr'><strong>haecdinit</strong></span> <span class='ocrx_word' id='word_1_200' title='bbox 604 2575 688 2639; x_wconf 92' lang='lat' dir='ltr'><strong>anth.</strong></span> <span class='ocrx_word' id='word_1_201' title='bbox 713 2573 831 2649; x_wconf 66' lang='lat' dir='ltr'><strong>Pale,</strong></span> <span class='ocrx_word' id='word_1_202' title='bbox 851 2579 923 2648; x_wconf 83' lang='grc'>113,</span> <span class='ocrx_word' id='word_1_203' title='bbox 945 2570 1240 2659; x_wconf 75' lang='grc' dir='ltr'><strong><em>Ἠτερεβιοθώδης,</em></strong></span> <span class='ocrx_word' id='word_1_204' title='bbox 1265 2572 1324 2638; x_wconf 80' lang='grc' dir='ltr'><strong><em>ὄλι-</em></strong></span> 
     </span>
     <span class='ocr_line' id='line_1_24' title="bbox 229 2668 1320 2758; baseline 0.002 -21"><span class='ocrx_word' id='word_1_205' title='bbox 229 2672 389 2756; x_wconf 75' lang='grc' dir='ltr'><strong><em>γάμπελος,</em></strong></span> <span class='ocrx_word' id='word_1_206' title='bbox 413 2672 465 2739; x_wconf 82' lang='grc' dir='ltr'><strong>οἷα</strong></span> <span class='ocrx_word' id='word_1_207' title='bbox 482 2699 514 2738; x_wconf 80' lang='grc' dir='ltr'><strong>τε</strong></span> <span class='ocrx_word' id='word_1_208' title='bbox 531 2674 616 2758; x_wconf 64' lang='lat' dir='ltr'><strong>pictai,</strong></span> <span class='ocrx_word' id='word_1_209' title='bbox 639 2678 754 2752; x_wconf 80' lang='grc' dir='ltr'><strong><em>Νῆσις,</em></strong></span> <span class='ocrx_word' id='word_1_210' title='bbox 778 2670 836 2737; x_wconf 77' lang='grc' dir='ltr'><strong>ἀλλ’</strong></span> <span class='ocrx_word' id='word_1_211' title='bbox 860 2668 955 2752; x_wconf 79' lang='grc' dir='ltr'><strong><em>ὁμαλὴ</em></strong></span> <span class='ocrx_word' id='word_1_212' title='bbox 973 2675 1057 2733; x_wconf 83' lang='grc' dir='ltr'><em>πᾶσα</em></span> <span class='ocrx_word' id='word_1_213' title='bbox 1072 2673 1125 2733; x_wconf 77' lang='grc' dir='ltr'><strong>καὶ</strong></span> <span class='ocrx_word' id='word_1_214' title='bbox 1137 2671 1320 2756; x_wconf 73' lang='grc' dir='ltr'><strong><em>ἇστύφελος.</em></strong></span> 
     </span>
     <span class='ocr_line' id='line_1_25' title="bbox 232 2771 1320 2864; baseline 0.001 -23"><span class='ocrx_word' id='word_1_215' title='bbox 232 2776 383 2855; x_wconf 89' lang='lat' dir='ltr'><strong>similiter,</strong></span> <span class='ocrx_word' id='word_1_216' title='bbox 409 2787 443 2841; x_wconf 90' lang='lat' dir='ltr'><strong>ut</strong></span> <span class='ocrx_word' id='word_1_217' title='bbox 462 2789 546 2864; x_wconf 88' lang='lat' dir='ltr'><strong>puto,</strong></span> <span class='ocrx_word' id='word_1_218' title='bbox 569 2777 726 2842; x_wconf 85' lang='lat' dir='ltr'><strong>Antonius</strong></span> <span class='ocrx_word' id='word_1_219' title='bbox 740 2775 868 2845; x_wconf 88' lang='lat' dir='ltr'><strong>Thallus</strong></span> <span class='ocrx_word' id='word_1_220' title='bbox 893 2780 1002 2853; x_wconf 87' lang='grc'>7,.188</span> <span class='ocrx_word' id='word_1_221' title='bbox 1031 2771 1207 2856; x_wconf 70' lang='grc' dir='ltr'><strong><em>Δύςδοομον</em></strong></span> <span class='ocrx_word' id='word_1_222' title='bbox 1221 2775 1320 2842; x_wconf 64' lang='lat' dir='ltr'><strong>Kted</strong></span> 
     </span>
     <span class='ocr_line' id='line_1_26' title="bbox 231 2872 1319 2964; baseline 0.001 -23"><span class='ocrx_word' id='word_1_223' title='bbox 231 2901 342 2953; x_wconf 74' lang='grc' dir='ltr'><strong><em>οασοα,</em></strong></span> <span class='ocrx_word' id='word_1_224' title='bbox 377 2877 413 2940; x_wconf 80' lang='grc' dir='ltr'><strong>οὐ</strong></span> <span class='ocrx_word' id='word_1_225' title='bbox 435 2881 489 2959; x_wconf 78' lang='grc' dir='ltr'><strong>μὲν</strong></span> <span class='ocrx_word' id='word_1_226' title='bbox 506 2877 592 2962; x_wconf 71' lang='grc' dir='ltr'><strong>γάμῳ</strong></span> <span class='ocrx_word' id='word_1_227' title='bbox 614 2876 712 2954; x_wconf 73' lang='lat' dir='ltr'><strong>diaden,</strong></span> <span class='ocrx_word' id='word_1_228' title='bbox 736 2876 845 2964; x_wconf 81' lang='grc' dir='ltr'><strong><em>κούρη,</em></strong></span> <span class='ocrx_word' id='word_1_229' title='bbox 861 2875 980 2962; x_wconf 80' lang='grc' dir='ltr'><strong><em>Ὥριος,</em></strong></span> <span class='ocrx_word' id='word_1_230' title='bbox 1004 2872 1134 2957; x_wconf 80' lang='grc' dir='ltr'><strong><em>ἀκμαίης</em></strong></span> <span class='ocrx_word' id='word_1_231' title='bbox 1154 2876 1250 2943; x_wconf 68' lang='grc' dir='ltr'><strong><em>οἶάτῗ</em></strong></span> <span class='ocrx_word' id='word_1_232' title='bbox 1274 2876 1319 2962; x_wconf 76' lang='grc' dir='ltr'><strong>ἐφ’</strong></span> 
     </span>
     <span class='ocr_line' id='line_1_27' title="bbox 231 2977 1324 3067; baseline 0.005 -26"><span class='ocrx_word' id='word_1_233' title='bbox 231 2979 359 3057; x_wconf 77' lang='grc' dir='ltr'><strong><em>ἡλικίης.</em></strong></span> <span class='ocrx_word' id='word_1_234' title='bbox 382 2981 484 3065; x_wconf 87' lang='lat' dir='ltr'><strong>itaque</strong></span> <span class='ocrx_word' id='word_1_235' title='bbox 500 2982 651 3067; x_wconf 86' lang='lat' dir='ltr'><strong>significat</strong></span> <span class='ocrx_word' id='word_1_236' title='bbox 666 3003 728 3047; x_wconf 94' lang='lat' dir='ltr'><strong>non</strong></span> <span class='ocrx_word' id='word_1_237' title='bbox 748 3002 900 3064; x_wconf 88' lang='lat' dir='ltr'><strong>nunquam</strong></span> <span class='ocrx_word' id='word_1_238' title='bbox 917 2977 968 3042; x_wconf 81' lang='lat' dir='ltr'><strong>old</strong></span> <span class='ocrx_word' id='word_1_239' title='bbox 981 3001 1012 3040; x_wconf 79' lang='grc' dir='ltr'><strong>τε</strong></span> <span class='ocrx_word' id='word_1_240' title='bbox 1029 2977 1108 3041; x_wconf 89' lang='lat' dir='ltr'><strong>idem</strong></span> <span class='ocrx_word' id='word_1_241' title='bbox 1124 2991 1216 3064; x_wconf 77' lang='lat' dir='ltr'><strong>atqne</strong></span> <span class='ocrx_word' id='word_1_242' title='bbox 1231 2979 1324 3046; x_wconf 76' lang='lat' dir='ltr'><strong>Lati·</strong></span> 
     </span>
     <span class='ocr_line' id='line_1_28' title="bbox 233 3080 1320 3168; baseline 0.002 -25"><span class='ocrx_word' id='word_1_243' title='bbox 233 3101 340 3143; x_wconf 86' lang='lat' dir='ltr'><strong>norum</strong></span> <span class='ocrx_word' id='word_1_244' title='bbox 358 3093 481 3165; x_wconf 72' lang='lat' dir='ltr'><strong>utpote:</strong></span> <span class='ocrx_word' id='word_1_245' title='bbox 507 3105 605 3164; x_wconf 87' lang='lat' dir='ltr'><strong>neque</strong></span> <span class='ocrx_word' id='word_1_246' title='bbox 628 3096 728 3148; x_wconf 89' lang='lat' dir='ltr'><strong>tamen</strong></span> <span class='ocrx_word' id='word_1_247' title='bbox 749 3108 781 3146; x_wconf 82' lang='grc' dir='ltr'><strong>τε</strong></span> <span class='ocrx_word' id='word_1_248' title='bbox 802 3082 965 3168; x_wconf 86' lang='lat' dir='ltr'><strong>particulae</strong></span> <span class='ocrx_word' id='word_1_249' title='bbox 985 3081 1034 3146; x_wconf 90' lang='lat' dir='ltr'><strong>vis</strong></span> <span class='ocrx_word' id='word_1_250' title='bbox 1054 3091 1085 3143; x_wconf 91' lang='lat' dir='ltr'><strong>et</strong></span> <span class='ocrx_word' id='word_1_251' title='bbox 1098 3080 1181 3146; x_wconf 90' lang='lat' dir='ltr'><strong>notio</strong></span> <span class='ocrx_word' id='word_1_252' title='bbox 1193 3081 1320 3145; x_wconf 82' lang='lat' dir='ltr'><strong>oblitte-</strong></span> 
     </span>
     <span class='ocr_line' id='line_1_29' title="bbox 233 3180 1316 3262; baseline -0.004 -14"><span class='ocrx_word' id='word_1_253' title='bbox 233 3192 373 3262; x_wconf 77' lang='lat' dir='ltr'><strong>nonest,</strong></span> <span class='ocrx_word' id='word_1_254' title='bbox 397 3182 453 3247; x_wconf 86' lang='lat' dir='ltr'><strong>sed</strong></span> <span class='ocrx_word' id='word_1_255' title='bbox 473 3181 552 3246; x_wconf 88' lang='lat' dir='ltr'><strong>dixit</strong></span> <span class='ocrx_word' id='word_1_256' title='bbox 566 3181 769 3247; x_wconf 85' lang='lat' dir='ltr'><strong>Callimachus</strong></span> <span class='ocrx_word' id='word_1_257' title='bbox 792 3185 970 3247; x_wconf 67' lang='lat' dir='ltr'><strong>attractam</strong></span> <span class='ocrx_word' id='word_1_258' title='bbox 991 3193 1119 3246; x_wconf 81' lang='lat' dir='ltr'><strong>ventosa</strong></span> <span class='ocrx_word' id='word_1_259' title='bbox 1140 3180 1316 3258; x_wconf 66' lang='lat' dir='ltr'><strong>ostede,</strong></span> 
     </span>
     <span class='ocr_line' id='line_1_30' title="bbox 234 3283 1320 3373; baseline -0.002 -23"><span class='ocrx_word' id='word_1_260' title='bbox 234 3287 359 3370; x_wconf 76' lang='lat' dir='ltr'><strong>utfire</strong></span> <span class='ocrx_word' id='word_1_261' title='bbox 388 3286 491 3351; x_wconf 84' lang='lat' dir='ltr'><strong>solent</strong></span> <span class='ocrx_word' id='word_1_262' title='bbox 518 3309 586 3351; x_wconf 84' lang='lat' dir='ltr'><strong>csse</strong></span> <span class='ocrx_word' id='word_1_263' title='bbox 614 3307 694 3373; x_wconf 82' lang='lat' dir='ltr'><strong>quae</strong></span> <span class='ocrx_word' id='word_1_264' title='bbox 723 3308 744 3350; x_wconf 90' lang='grc' dir='ltr'><strong><em>ο</em></strong></span> <span class='ocrx_word' id='word_1_265' title='bbox 767 3287 900 3350; x_wconf 69' lang='lat' dir='ltr'><strong>marinas</strong></span> <span class='ocrx_word' id='word_1_266' title='bbox 915 3283 1074 3370; x_wconf 77' lang='lat' dir='ltr'><strong>fluctibus</strong></span> <span class='ocrx_word' id='word_1_267' title='bbox 1100 3283 1320 3349; x_wconf 60' lang='lat' dir='ltr'><strong>audeantur.</strong></span> 
     </span>
     <span class='ocr_line' id='line_1_31' title="bbox 235 3382 1323 3472; baseline 0 -21"><span class='ocrx_word' id='word_1_268' title='bbox 235 3387 343 3451; x_wconf 88' lang='lat' dir='ltr'><strong>deinde</strong></span> <span class='ocrx_word' id='word_1_269' title='bbox 364 3389 443 3472; x_wconf 89' lang='lat' dir='ltr'><strong>quod</strong></span> <span class='ocrx_word' id='word_1_270' title='bbox 461 3385 602 3452; x_wconf 89' lang='lat' dir='ltr'><strong>Naekius</strong></span> <span class='ocrx_word' id='word_1_271' title='bbox 624 3388 811 3451; x_wconf 82' lang='lat' dir='ltr'><strong>existimavit</strong></span> <span class='ocrx_word' id='word_1_272' title='bbox 833 3385 1050 3452; x_wconf 88' lang='lat' dir='ltr'><strong>Callimachum</strong></span> <span class='ocrx_word' id='word_1_273' title='bbox 1070 3386 1185 3467; x_wconf 85' lang='lat' dir='ltr'><strong>dicere,</strong></span> <span class='ocrx_word' id='word_1_274' title='bbox 1206 3382 1323 3451; x_wconf 87' lang='lat' dir='ltr'><strong>Delum</strong></span> 
     </span>
     <span class='ocr_line' id='line_1_32' title="bbox 234 3486 1323 3573; baseline 0.002 -22"><span class='ocrx_word' id='word_1_275' title='bbox 234 3489 349 3571; x_wconf 87' lang='lat' dir='ltr'><strong>mergis</strong></span> <span class='ocrx_word' id='word_1_276' title='bbox 364 3489 482 3570; x_wconf 85' lang='lat' dir='ltr'><strong>quidem</strong></span> <span class='ocrx_word' id='word_1_277' title='bbox 497 3509 559 3549; x_wconf 94' lang='lat' dir='ltr'><strong>non</strong></span> <span class='ocrx_word' id='word_1_278' title='bbox 573 3489 700 3549; x_wconf 93' lang='lat' dir='ltr'><strong>multum</strong></span> <span class='ocrx_word' id='word_1_279' title='bbox 713 3488 902 3550; x_wconf 86' lang='lat' dir='ltr'><strong>cebcbratnm</strong></span> <span class='ocrx_word' id='word_1_280' title='bbox 914 3506 997 3564; x_wconf 91' lang='lat' dir='ltr'><strong>esse,</strong></span> <span class='ocrx_word' id='word_1_281' title='bbox 1022 3486 1078 3550; x_wconf 92' lang='lat' dir='ltr'><strong>sed</strong></span> <span class='ocrx_word' id='word_1_282' title='bbox 1092 3497 1195 3552; x_wconf 67' lang='lat' dir='ltr'><strong>minen</strong></span> <span class='ocrx_word' id='word_1_283' title='bbox 1206 3487 1323 3573; x_wconf 80' lang='lat' dir='ltr'><strong>mergis</strong></span> 
     </span>
     <span class='ocr_line' id='line_1_33' title="bbox 234 3586 1322 3676; baseline 0.001 -20"><span class='ocrx_word' id='word_1_284' title='bbox 234 3590 333 3676; x_wconf 83' lang='lat' dir='ltr'><strong>magis</strong></span> <span class='ocrx_word' id='word_1_285' title='bbox 346 3609 435 3673; x_wconf 87' lang='lat' dir='ltr'><strong>quam</strong></span> <span class='ocrx_word' id='word_1_286' title='bbox 447 3587 545 3670; x_wconf 88' lang='lat' dir='ltr'><strong>equis,</strong></span> <span class='ocrx_word' id='word_1_287' title='bbox 555 3588 612 3653; x_wconf 93' lang='lat' dir='ltr'><strong>hoc</strong></span> <span class='ocrx_word' id='word_1_288' title='bbox 627 3608 695 3652; x_wconf 90' lang='lat' dir='ltr'><strong>enm</strong></span> <span class='ocrx_word' id='word_1_289' title='bbox 708 3607 806 3671; x_wconf 87' lang='lat' dir='ltr'><strong>neque</strong></span> <span class='ocrx_word' id='word_1_290' title='bbox 821 3586 937 3652; x_wconf 82' lang='lat' dir='ltr'><strong>dixisse</strong></span> <span class='ocrx_word' id='word_1_291' title='bbox 952 3608 1051 3672; x_wconf 86' lang='lat' dir='ltr'><strong>neque</strong></span> <span class='ocrx_word' id='word_1_292' title='bbox 1065 3589 1167 3653; x_wconf 88' lang='lat' dir='ltr'><strong>dicere</strong></span> <span class='ocrx_word' id='word_1_293' title='bbox 1181 3591 1322 3674; x_wconf 79' lang='lat' dir='ltr'><strong>potuisse</strong></span> 
     </span>
     <span class='ocr_line' id='line_1_34' title="bbox 235 3689 1324 3779; baseline -0.002 -23"><span class='ocrx_word' id='word_1_294' title='bbox 235 3694 340 3758; x_wconf 88' lang='lat' dir='ltr'><strong>oredo.</strong></span> <span class='ocrx_word' id='word_1_295' title='bbox 363 3692 420 3756; x_wconf 90' lang='lat' dir='ltr'><strong>hoc</strong></span> <span class='ocrx_word' id='word_1_296' title='bbox 433 3689 514 3754; x_wconf 92' lang='lat' dir='ltr'><strong>enim</strong></span> <span class='ocrx_word' id='word_1_297' title='bbox 529 3690 652 3756; x_wconf 90' lang='lat' dir='ltr'><strong>nimium</strong></span> <span class='ocrx_word' id='word_1_298' title='bbox 669 3701 718 3755; x_wconf 90' lang='lat' dir='ltr'><strong>est</strong></span> <span class='ocrx_word' id='word_1_299' title='bbox 732 3700 765 3756; x_wconf 88' lang='lat' dir='ltr'><strong>et</strong></span> <span class='ocrx_word' id='word_1_300' title='bbox 777 3711 873 3775; x_wconf 87' lang='lat' dir='ltr'><strong>paene</strong></span> <span class='ocrx_word' id='word_1_301' title='bbox 884 3690 1031 3775; x_wconf 93' lang='lat' dir='ltr'><strong>ineptum,</strong></span> <span class='ocrx_word' id='word_1_302' title='bbox 1055 3711 1093 3755; x_wconf 92' lang='lat' dir='ltr'><strong>ne</strong></span> <span class='ocrx_word' id='word_1_303' title='bbox 1108 3709 1232 3770; x_wconf 86' lang='lat' dir='ltr'><strong>mergos</strong></span> <span class='ocrx_word' id='word_1_304' title='bbox 1257 3692 1324 3779; x_wconf 77' lang='lat' dir='ltr'><strong>qni-</strong></span> 
     </span>
     <span class='ocr_line' id='line_1_35' title="bbox 236 3785 1323 3879; baseline -0.003 -21"><span class='ocrx_word' id='word_1_305' title='bbox 236 3794 315 3871; x_wconf 90' lang='lat' dir='ltr'><strong>dem,</strong></span> <span class='ocrx_word' id='word_1_306' title='bbox 339 3792 448 3877; x_wconf 87' lang='lat' dir='ltr'><strong>quibus</strong></span> <span class='ocrx_word' id='word_1_307' title='bbox 468 3792 521 3856; x_wconf 86' lang='lat' dir='ltr'><strong>vel</strong></span> <span class='ocrx_word' id='word_1_308' title='bbox 533 3794 675 3879; x_wconf 91' lang='lat' dir='ltr'><strong>scopulus</strong></span> <span class='ocrx_word' id='word_1_309' title='bbox 696 3793 788 3856; x_wconf 87' lang='lat' dir='ltr'><strong>statio</strong></span> <span class='ocrx_word' id='word_1_310' title='bbox 807 3791 982 3877; x_wconf 87' lang='lat' dir='ltr'><strong>gratissima</strong></span> <span class='ocrx_word' id='word_1_311' title='bbox 996 3801 1046 3853; x_wconf 89' lang='lat' dir='ltr'><strong>cst</strong></span> <span class='ocrx_word' id='word_1_312' title='bbox 1065 3785 1169 3870; x_wconf 81' lang='lat' dir='ltr'><strong>(virg.</strong></span> <span class='ocrx_word' id='word_1_313' title='bbox 1185 3795 1323 3873; x_wconf 62' lang='grc' dir='ltr'><strong>ΑΜ,</strong></span> 
     </span>
     <span class='ocr_line' id='line_1_36' title="bbox 238 3887 1325 3976; baseline 0.002 -16"><span class='ocrx_word' id='word_1_314' title='bbox 238 3894 327 3976; x_wconf 86' lang='grc'>118),</span> <span class='ocrx_word' id='word_1_315' title='bbox 348 3895 458 3959; x_wconf 88' lang='lat' dir='ltr'><strong>multos</strong></span> <span class='ocrx_word' id='word_1_316' title='bbox 472 3914 543 3960; x_wconf 89' lang='lat' dir='ltr'><strong>esse</strong></span> <span class='ocrx_word' id='word_1_317' title='bbox 558 3894 640 3962; x_wconf 88' lang='lat' dir='ltr'><strong>Deli.</strong></span> <span class='ocrx_word' id='word_1_318' title='bbox 671 3905 757 3960; x_wconf 87' lang='lat' dir='ltr'><strong>recte</strong></span> <span class='ocrx_word' id='word_1_319' title='bbox 770 3913 857 3969; x_wconf 87' lang='lat' dir='ltr'><strong>vero,</strong></span> <span class='ocrx_word' id='word_1_320' title='bbox 879 3901 1021 3975; x_wconf 84' lang='lat' dir='ltr'><strong>tanquam</strong></span> <span class='ocrx_word' id='word_1_321' title='bbox 1034 3910 1052 3953; x_wconf 91' lang='lat' dir='ltr'><strong>a</strong></span> <span class='ocrx_word' id='word_1_322' title='bbox 1067 3887 1174 3975; x_wconf 85' lang='lat' dir='ltr'><strong>quibus</strong></span> <span class='ocrx_word' id='word_1_323' title='bbox 1188 3895 1325 3961; x_wconf 80' lang='lat' dir='ltr'><strong>maxime</strong></span> 
     </span>
     <span class='ocr_line' id='line_1_37' title="bbox 235 3992 1325 4084; baseline -0.002 -21"><span class='ocrx_word' id='word_1_324' title='bbox 235 3994 386 4063; x_wconf 85' lang='lat' dir='ltr'><strong>incolatur</strong></span> <span class='ocrx_word' id='word_1_325' title='bbox 395 3996 508 4073; x_wconf 78' lang='lat' dir='ltr'><strong>insula,</strong></span> <span class='ocrx_word' id='word_1_326' title='bbox 523 3998 621 4084; x_wconf 84' lang='lat' dir='ltr'><strong>mergi</strong></span> <span class='ocrx_word' id='word_1_327' title='bbox 634 4003 917 4073; x_wconf 86' lang='lat' dir='ltr'><strong>commemorantur,</strong></span> <span class='ocrx_word' id='word_1_328' title='bbox 932 4013 1060 4079; x_wconf 84' lang='lat' dir='ltr'><strong>quorum</strong></span> <span class='ocrx_word' id='word_1_329' title='bbox 1072 3992 1105 4057; x_wconf 93' lang='lat' dir='ltr'><strong>in</strong></span> <span class='ocrx_word' id='word_1_330' title='bbox 1121 3993 1325 4061; x_wconf 80' lang='lat' dir='ltr'><strong>describenda</strong></span> 
     </span>
     <span class='ocr_line' id='line_1_38' title="bbox 235 4093 1321 4181; baseline -0.006 -14"><span class='ocrx_word' id='word_1_331' title='bbox 235 4100 404 4167; x_wconf 83' lang='lat' dir='ltr'><strong>insularum</strong></span> <span class='ocrx_word' id='word_1_332' title='bbox 421 4100 472 4165; x_wconf 87' lang='lat' dir='ltr'><strong>vel</strong></span> <span class='ocrx_word' id='word_1_333' title='bbox 492 4100 616 4166; x_wconf 87' lang='lat' dir='ltr'><strong>litorum</strong></span> <span class='ocrx_word' id='word_1_334' title='bbox 640 4095 804 4163; x_wconf 88' lang='lat' dir='ltr'><strong>solitudine</strong></span> <span class='ocrx_word' id='word_1_335' title='bbox 830 4115 921 4181; x_wconf 80' lang='lat' dir='ltr'><strong>saepe</strong></span> <span class='ocrx_word' id='word_1_336' title='bbox 949 4116 1076 4162; x_wconf 88' lang='lat' dir='ltr'><strong>numero</strong></span> <span class='ocrx_word' id='word_1_337' title='bbox 1097 4093 1321 4164; x_wconf 74' lang='lat' dir='ltr'><strong>mausolaea</strong></span> 
     </span>
     <span class='ocr_line' id='line_1_39' title="bbox 236 4194 1315 4286; baseline -0.006 -19"><span class='ocrx_word' id='word_1_338' title='bbox 236 4202 322 4286; x_wconf 83' lang='lat' dir='ltr'><strong>quasi</strong></span> <span class='ocrx_word' id='word_1_339' title='bbox 337 4203 499 4269; x_wconf 89' lang='lat' dir='ltr'><strong>coniuncta</strong></span> <span class='ocrx_word' id='word_1_340' title='bbox 514 4212 564 4267; x_wconf 87' lang='lat' dir='ltr'><strong>cst</strong></span> <span class='ocrx_word' id='word_1_341' title='bbox 576 4221 642 4264; x_wconf 93' lang='lat' dir='ltr'><strong>cum</strong></span> <span class='ocrx_word' id='word_1_342' title='bbox 651 4198 728 4263; x_wconf 81' lang='lat' dir='ltr'><strong>mani</strong></span> <span class='ocrx_word' id='word_1_343' title='bbox 742 4197 898 4284; x_wconf 78' lang='lat' dir='ltr'><strong>cogitatio.</strong></span> <span class='ocrx_word' id='word_1_344' title='bbox 917 4197 1049 4264; x_wconf 84' lang='lat' dir='ltr'><strong>Archias</strong></span> <span class='ocrx_word' id='word_1_345' title='bbox 1063 4199 1147 4265; x_wconf 91' lang='lat' dir='ltr'><strong>autb.</strong></span> <span class='ocrx_word' id='word_1_346' title='bbox 1156 4194 1224 4264; x_wconf 84' lang='lat' dir='ltr'><strong>Pal.</strong></span> <span class='ocrx_word' id='word_1_347' title='bbox 1237 4201 1315 4275; x_wconf 61' lang='lat' dir='ltr'><strong>itte</strong></span> 
     </span>
     <span class='ocr_line' id='line_1_40' title="bbox 236 4293 1323 4391; baseline -0.001 -25"><span class='ocrx_word' id='word_1_348' title='bbox 236 4301 335 4376; x_wconf 70' lang='grc' dir='ltr'><strong><em>Βοιὸς</em></strong></span> <span class='ocrx_word' id='word_1_349' title='bbox 353 4306 429 4369; x_wconf 72' lang='lat' dir='ltr'><strong>idaia</strong></span> <span class='ocrx_word' id='word_1_350' title='bbox 448 4304 623 4391; x_wconf 74' lang='lat' dir='ltr'><strong>ddlplnrtoc</strong></span> <span class='ocrx_word' id='word_1_351' title='bbox 636 4297 679 4365; x_wconf 73' lang='grc' dir='ltr'><strong>ἔπ’</strong></span> <span class='ocrx_word' id='word_1_352' title='bbox 694 4301 873 4384; x_wconf 64' lang='grc' dir='ltr'><strong>αι’γιαλέτιδα</strong></span> <span class='ocrx_word' id='word_1_353' title='bbox 888 4293 964 4367; x_wconf 71' lang='lat' dir='ltr'><strong>sulm</strong></span> <span class='ocrx_word' id='word_1_354' title='bbox 977 4300 1096 4378; x_wconf 74' lang='grc' dir='ltr'><strong><em>Χηλήν,</em></strong></span> <span class='ocrx_word' id='word_1_355' title='bbox 1119 4300 1258 4374; x_wconf 67' lang='grc' dir='ltr'><strong>αἰθυίαις</strong></span> <span class='ocrx_word' id='word_1_356' title='bbox 1270 4295 1323 4365; x_wconf 70' lang='grc' dir='ltr'><strong>οὗ·</strong></span> 
     </span>
    </p>
   </div>
   <div class='ocr_carea' id='block_1_3' title="bbox 0 0 1391 4950">
    <p class='ocr_par' dir='ltr' id='par_1_3' title="bbox 0 0 1391 4950">
     <span class='ocr_line' id='line_1_41' title="bbox 0 0 1391 4950; baseline 0 0"><span class='ocrx_word' id='word_1_357' title='bbox 0 0 1391 4950; x_wconf 95' lang='lat' dir='ltr'><strong> </strong></span> 
     </span>
    </p>
   </div>
  </div>
 </body>
</html>
