2746 4950
656 219 677 283 6

130 393 210 459 Aen.
229 401 262 471 t,
282 399 345 459 232
382 391 422 455 Si
440 389 528 454 rullo
550 387 695 455 accendit
710 397 868 455 toatomm
884 389 994 474 gloria
1012 409 1136 468 rorum,
1163 414 1232 460 nou

132 495 242 561 lortius
258 504 376 559 tantum
389 501 479 576 poeta
492 491 628 574 loquitur
643 490 774 573 quamsi
789 491 906 555 diceret
928 488 967 552 Si
982 512 1044 554 oon
1058 495 1228 589 1111111111,

133 597 188 663 sed
201 595 289 679 plana
304 595 414 660 aliter:
437 594 495 657 hoc
517 593 598 658 enim
611 595 690 672 vult,
713 595 745 657 si
766 594 854 658 oolla
875 601 924 655 est
937 601 1096 657 tortorum
1108 596 1230 680 glorta

132 720 236 762 rerum
265 717 345 784 quac
369 699 504 762 acimum
526 695 688 761 accendat.
733 695 862 778 denique
879 693 961 757 Aen.
989 701 1042 772 12,
1066 703 1147 775 4115,
1172 699 1232 763 ubi

133 801 207 864 haec
222 799 381 883 leguntur,
403 799 505 865 Nullo
518 800 600 864 11111
614 795 756 863 Fortuna
767 801 865 881 regit,
887 795 972 860 nibil
983 806 1093 861 wotor
1100 794 1230 882 Apollo

134 901 294 978 Suboem't,
317 920 372 964 eur
390 902 479 965 rullo
498 921 561 964 non
580 899 622 964 sit
640 898 822 964 adieetivum
842 897 1065 982 significatione
1081 899 1229 982 equidem

134 1024 208 1066 sane
223 1003 325 1066 nullus
341 1003 451 1067 video:
474 1012 559 1066 certe
572 1001 669 1084 siquis
684 1011 823 1064 nostrum
839 999 882 1064 ita
896 1000 1026 1079 diceret,
1040 1000 1227 1068 locineFor·

134 1115 210 1168 toro
228 1106 320 1189 zeigt
341 1104 400 1167 dero
420 1125 502 1188 weg,
527 1125 599 1167 num
618 1113 651 1167 tu
673 1088 817 1167 crederes
838 1101 1015 1186 pronomine
1037 1123 1127 1167 usum
1149 1126 1228 1169 esse

135 1207 356 1291 significatione
377 1205 535 1269 adverbii?
556 1226 655 1288 neque
675 1205 753 1290 quod
773 1206 851 1289 apud
873 1201 1016 1268 Ovidium
1028 1213 1077 1268 est
1090 1215 1164 1266 met.
1185 1213 1222 1283 9,

135 1316 198 1375 731
222 1307 261 1373 V
256 1310 344 1373 ollem
364 1308 587 1392 collusorem,
610 1307 660 1372 vel
679 1316 732 1386 11,
751 1313 811 1373 579
834 1305 959 1392 Proque
974 1307 1049 1378 ciro,
1071 1307 1132 1388 qui
1147 1309 1225 1370 oui·

135 1413 185 1475 Ios
204 1421 286 1488 crat,
308 1410 454 1475 ocoiobot
474 1409 518 1472 od
535 1430 623 1484 oros,
646 1409 763 1473 rectius
787 1409 848 1473 huc
868 1404 1024 1474 rettuleris
1037 1425 1122 1488 quam
1135 1409 1221 1490 quod

80 1548 83 1553 ·
136 1510 277 1578 Catullus
297 1512 375 1574 dixit
398 1531 491 1573 carm.
518 1517 571 1587 17,
597 1516 639 1576 20
669 1512 867 1593 (p.11,13)
900 1505 1094 1577 Tantundem
1115 1511 1221 1572 omnia

135 1615 272 1677 sonticas
292 1634 383 1698 qoam
400 1613 433 1674 si
451 1611 540 1675 rullo
559 1613 605 1675 sit
622 1632 763 1697 osquam.
787 1633 881 1676 unum
896 1610 968 1675 novi
982 1619 1102 1694 poetam
1117 1609 1227 1673 nescio

136 1715 232 1778 dicam
253 1735 291 1777 an
314 1712 430 1778 rectius
449 1712 688 1777 versificatorem
704 1714 754 1795 qui
770 1713 884 1777 nullius
899 1711 1047 1775 vocabulo
1059 1721 1165 1794 aperte
1180 1710 1226 1776 ita

138 1837 213 1880 usus
235 1815 277 1879 sit
289 1825 323 1879 ut
343 1836 397 1899 pro
416 1815 560 1879 adverbio
574 1815 773 1883 substitutum
788 1835 856 1879 cum
869 1815 965 1879 verbo
984 1814 1141 1878 artissime
1154 1835 1225 1879 eon·

137 1920 293 2004 iungeret,
321 1917 407 1982 illum
428 1917 479 2001 qui
500 1915 589 1983 Cirin
608 1917 692 1983 feeit.
723 1917 755 1980 in
773 1940 832 2001 quo
848 1917 981 1981 carmine
1004 1919 1041 1981 de
1058 1914 1164 2002 Scylla
1184 1916 1231 1980 di·

138 2033 220 2087 ctum
240 2031 290 2084 est
309 2042 340 2084 v.
357 2027 416 2085 176
452 2021 554 2084 Nolle
570 2020 669 2083 colcos
690 2023 789 2094 norit,
812 2041 920 2084 corum
939 2041 1000 2082 ooo
1021 2020 1157 2103 respicit
1173 2039 1231 2084 ou·

138 2145 219 2186 rum.
243 2141 350 2183 verum
365 2120 413 2182 hio
428 2130 529 2202 poeto,
553 2141 642 2202 quem
656 2121 766 2184 nollem
779 2142 876 2204 nuper
892 2141 909 2183 a
924 2117 1130 2183 R.Merkclio
1146 2120 1230 2204 prol.

138 2224 176 2286 ad
192 2218 296 2286 Ovidii
309 2219 376 2284 lbin
400 2241 430 2304 p.
448 2227 510 2285 367
528 2241 572 2284 ss.
590 2234 625 2285 ut
640 2223 711 2285 olim
723 2223 759 2285 ab
774 2218 800 2287 Ι.
816 2220 857 2285 Η.
875 2219 990 2288 Vossio
1005 2220 1141 2287 habitum
1156 2243 1233 2288 esse

141 2321 179 2389 C.
204 2320 382 2388 Cornelium
405 2319 524 2386 Gallum
544 2324 627 2404 (nam
647 2325 742 2387 multo
761 2323 926 2408 posteriori
953 2323 1082 2407 tempori
1105 2344 1234 2390 carmen

139 2425 263 2490 minime
282 2424 393 2488 bonum
416 2423 627 2490 ascribendum
650 2427 726 2508 est),
749 2437 834 2491 totus
857 2427 970 2511 pendet
994 2447 1035 2492 ex
1056 2425 1234 2510 antiquiore

141 2527 279 2590 oratioue
300 2523 426 2591 Catulli.
451 2527 502 2608 qui
517 2548 584 2590 cum
598 2547 689 2608 saepe
704 2528 838 2610 populari
855 2526 987 2591 dictione
999 2549 1075 2594 usus
1090 2529 1143 2606 sit,
1165 2550 1232 2593 non

141 2629 292 2714 putandus
313 2638 362 2692 est
383 2628 541 2711 respuisse
557 2628 635 2710 quod
654 2648 723 2692 eum
740 2628 858 2694 dixisse
877 2628 944 2712 ipsa
964 2651 1016 2694 res
1037 2621 1157 2708 claritat,
1180 2632 1234 2695 Α1

143 2743 175 2794 tro
189 2731 321 2806 dolebis,
344 2752 412 2794 com
426 2729 593 2814 rogaberis
607 2730 707 2794 rullo.

205 2831 312 2915 ltaque
329 2852 406 2915 quae
421 2830 528 2904 deiude
545 2830 875 2917 sequunturScolesto,
890 2855 930 2897 oe
945 2844 975 2898 11
988 2835 1032 2899 ita
1042 2846 1230 2901 suscensu-

143 2934 240 2998 danda
263 2937 347 3015 (nam
369 2956 409 2998 oe
428 2944 458 2998 te
477 2955 566 2999 nemo
588 2934 779 3018 probaverit)
804 2946 920 3000 utnon
940 2938 1164 3022 suspendantur
1187 2958 1228 3003 ex

143 3037 407 3114 antecedentibus,
432 3038 486 3101 sed
506 3058 615 3118 perse
636 3049 758 3100 constet
776 3039 932 3104 allocutio.
960 3039 994 3104 in
1015 3035 1144 3119 antiquis
1159 3034 1226 3118 qui·

144 3136 271 3201 busdam
283 3137 467 3202 editionibus
485 3137 632 3222 seriptum
646 3149 696 3202 est
711 3143 803 3203 tenc?
817 3151 850 3203 ut
862 3140 918 3203 hoc
933 3152 1018 3207 esset
1030 3149 1098 3204 tene
1110 3137 1229 3224 aliquis

145 3241 331 3325 rogaverit?
362 3241 392 3306 id
412 3241 529 3308 rectius
553 3241 708 3307 diceretur
731 3251 815 3320 tuoe,
843 3244 983 3326 quoniam
1006 3241 1129 3330 passiva
1145 3238 1235 3309 verbi

146 3343 241 3404 forma
254 3346 422 3423 praeeedit,
444 3357 535 3426 atque
555 3345 612 3409 hoc
624 3345 722 3428 ipsum
737 3355 812 3411 tuoe
824 3346 948 3411 invenio
960 3347 994 3408 in
1008 3343 1234 3430 exemplaribus

144 3437 318 3504 Parisiensi
331 3464 361 3505 a.
382 3451 465 3507 1528
477 3453 509 3504 et
521 3440 697 3505 Basileensi
712 3464 743 3505 a.
761 3451 861 3507 1530:
891 3444 945 3506 sed
960 3444 1123 3525 displicent
1136 3446 1238 3510 otiosa

146 3540 252 3605 verba.
295 3542 423 3606 aliorum
453 3541 646 3607 coniecturas
671 3541 774 3605 sciens
807 3553 985 3626 praetereo:
1024 3563 1123 3620 neque
1153 3541 1234 3601 euim

148 3643 252 3708 dubito
276 3644 349 3728 quin
375 3655 460 3711 recte
487 3642 618 3710 Carolus
645 3640 863 3716 Lachmannus
888 3633 1142 3708 commendaverit
1168 3629 1236 3697 lani

148 3743 300 3828 Meleagri
321 3747 352 3810 id
371 3758 421 3812 est
439 3744 632 3811 Balthasaris
647 3745 815 3810 Venatoris
845 3741 998 3807 Scelesta,
1021 3752 1079 3794 oce
1095 3738 1145 3795 111
1167 3756 1235 3801 eum

149 3846 316 3911 mutatione
337 3869 433 3934 paene
455 3847 538 3912 nulla
559 3845 747 3931 aptissimam
767 3842 923 3903 lucremur
952 3832 1132 3900 orationem.
1178 3859 1234 3904 occ

150 3949 298 4034 particula
311 3970 379 4014 oum
394 3949 570 4015 accusativo
586 3967 660 4011 casu
675 3941 840 4008 coniuncta
851 3940 899 4006 bis
912 3950 1029 4005 tantum
1044 3937 1176 4006 inveniri
1190 3938 1235 4002 vi-

152 4053 242 4118 detur
253 4053 285 4118 in
305 4051 351 4116 eis
364 4053 415 4135 qui
428 4051 516 4115 hodie
532 4059 641 4113 eatam
648 4044 831 4111 Latinorum
843 4043 1024 4130 scriptorum
1038 4044 1143 4110 libris:
1168 4064 1236 4107 nam

152 4154 231 4235 quod
243 4153 392 4241 Iosephus
410 4150 561 4234 Scaliger,
585 4148 642 4213 boc
656 4166 752 4214 versu
772 4147 806 4215 in
818 4147 918 4214 debile
932 4148 1053 4233 aliquod
1070 4168 1142 4211 rere
1162 4144 1238 4207 inci·

153 4256 243 4333 dens,
266 4280 323 4323 ooo
346 4269 376 4324 te
396 4258 429 4325 in
450 4252 531 4323 aliud
555 4247 671 4318 Catulli
693 4253 907 4331 1111111168,
929 4275 959 4339 p.
976 4259 1031 4329 ot,
1049 4250 1103 4330 12)
1124 4246 1239 4310 inferre
