2746 4950
661 277 702 345 14

137 449 252 515 selem.
285 448 423 533 Quarum
444 455 478 511 m
492 457 628 532 praesto
648 471 689 514 uo
709 451 790 516 lium
810 451 917 519 dicere
933 457 1037 541 pessit
1054 449 1154 518 ‘Haeo
1178 468 1234 520 est

132 571 196 637 pro
221 553 332 616 miseri
349 551 435 613 lenta
457 550 559 614 solute
585 547 671 617 oiri.³
709 553 743 618 in
764 553 1007 640 interrogatione
1028 567 1060 623 et
1081 557 1133 621 ubi
1155 577 1229 622 sus·

137 674 265 738 pensum
281 661 349 718 erat
363 671 404 714 cu
417 651 477 716 alia
491 653 638 718 orationis
654 667 739 739 parte
759 677 859 742 quare
881 659 1010 724 devitari
1031 680 1093 723 non
1113 662 1226 743 potnit,

137 755 278 840 quoniam
291 774 361 830 eur,
384 752 509 818 brevior
524 755 661 822 eiusdem
673 758 815 825 vocabuli
827 761 935 841 forma,
950 761 1057 828 versui
1069 781 1130 824 non
1145 781 1228 824 sem·

138 854 425 942 persatisiaciebat.
553 853 561 870 ‘

224 958 316 1022 Alter
330 955 445 1042 Catulli
458 980 571 1026 versus
586 962 625 1025 de
645 983 705 1046 quo
721 983 798 1046 qnae
819 975 1040 1030 commentatus
1060 986 1161 1030 essem
1175 988 1226 1030 me

137 1058 325 1144 prolaturum
347 1073 439 1125 antea
457 1064 617 1144 professus
635 1084 702 1127 snm
722 1063 756 1127 in
771 1066 879 1150 'elegia
894 1063 1091 1131 Callimachia
1112 1068 1228 1152 legitur

138 1161 247 1240 (curm.
265 1169 321 1242 66,
338 1169 379 1227 57
387 1182 440 1226 ss..
461 1183 491 1246 p.
510 1170 563 1243 58,
583 1168 705 1248 resa).
729 1169 929 1232 narraturibi
943 1167 1226 1247 struthiocamelus,

137 1260 271 1329 Veneris
285 1263 439 1328 Arsinoes
460 1265 526 1330 eles
550 1287 646 1350 equus
667 1266 845 1352 (namhaeo
865 1270 1023 1354 expedivit
1038 1268 1226 1336 Vincentius

136 1360 291 1450 Montius)
311 1368 478 1435 sustulisse
502 1369 636 1435 votivam
650 1366 820 1437 Bemnices
836 1393 950 1437 comam
966 1381 999 1437 et
1016 1371 1050 1436 in
1061 1372 1139 1436 deae
1155 1393 1224 1456 gre·

137 1465 197 1530 mio
211 1468 390 1535 collocasse.
415 1472 524 1536 deinde
543 1473 589 1534 sic
604 1474 753 1554 pergitur,

221 1569 299 1653 Ipsa
320 1589 408 1631 suum
430 1567 615 1653 Zephyritis
635 1590 671 1630 eo
682 1570 843 1650 famulum
865 1574 1006 1654 legarat,

268 1665 369 1731 Graia
395 1666 544 1753 Canopiis
566 1669 670 1731 incolo
691 1668 862 1730 littoribus.

220 1767 269 1832 Hi
287 1768 336 1830 dii
354 1791 412 1833 eeu
434 1769 481 1832 idi
500 1771 588 1834 uario
609 1788 649 1834 ue
671 1769 771 1832 solum
792 1770 825 1832 im
847 1767 960 1833 minim
982 1773 1066 1835 ecele'

263 1867 322 1933 Eu
342 1865 520 1935 Ariadneis
542 1893 640 1936 auree
660 1870 850 1955 temporibus

222 1971 308 2037 Ρίωα
331 1995 447 2038 ceroma
458 1973 566 2058 soret,
589 1973 647 2037 ced
665 1995 723 2038 mes
743 1993 865 2060 quoque
873 1973 1080 2058 fitlgeremuc

264 2074 408 2139 Decolue
417 2075 507 2159 flaui
525 2078 652 2140 uerticis
673 2078 818 2150 exuuiae,

227 2173 392 2239 Uoidulum
414 2198 434 2240 a
445 2176 553 2262 fluctu
574 2176 729 2241 cedentem
751 2177 796 2241 aot
815 2177 928 2262 templa
948 2177 1037 2242 mum
1058 2199 1106 2241 me

265 2275 362 2341 Sidus
384 2279 417 2341 iu
439 2281 578 2366 antiquis
599 2280 672 2344 da'ua
693 2300 804 2343 uocum
820 2281 941 2364 posuit.

136 2402 265 2466 quorum
289 2379 514 2445 versiculorum
542 2384 754 2448 tantummodo
779 2381 904 2446 tertium
934 2382 1043 2446 menda
1066 2381 1224 2445 continere

137 2484 294 2553 effistimo.
340 2504 410 2547 nom
440 2481 542 2550 Graiu
563 2487 719 2572 praeclare
746 2485 872 2568 scripsit
899 2481 1129 2559 Lachmannus,
1167 2485 1225 2546 alia

137 2585 208 2652 Itali
228 2586 307 2650 bene
329 2598 545 2650 correxerunt.
570 2588 714 2649 existimo
739 2586 818 2648 enim
842 2583 894 2645 uhi
919 2584 989 2643 libri
1010 2582 1119 2662 partim
1133 2580 1223 2641 Viri-

138 2689 246 2756 dulum
269 2688 378 2774 partim
394 2686 433 2752 V
429 2688 568 2751 emdulum
590 2686 702 2748 hahent
713 2681 874 2747 verissime
897 2700 951 2743 eos
971 2679 1135 2742 Uettiolum
1148 2680 1225 2742 scri-

137 2792 251 2877 psisse.
275 2791 433 2854 uvidulam
453 2787 543 2849 siclus
563 2795 648 2848 recte
662 2782 784 2859 dicitur,
810 2781 871 2845 etsi
883 2780 1097 2864 interpositum
1119 2792 1168 2845 est
1181 2784 1225 2846 ie·

137 2892 253 2958 minino
280 2909 394 2973 genere
420 2887 577 2949 cedentem
606 2906 665 2949 me.
712 2895 872 2966 praeterea
900 2883 1085 2948 deminutive
1111 2883 1223 2948 dictum

138 2994 299 3060 uoidulum
312 3012 381 3056 cum
396 2987 619 3052 consuetudine
633 2983 748 3053 Catulli
761 2985 918 3050 admodum
931 2987 1084 3070 congruit.
1102 2987 1225 3050 afferam

138 3093 251 3170 omnia,
274 3086 447 3174 non‘panca
462 3109 601 3167 numero,
626 3089 812 3153 deminutiva
826 3088 976 3152 adiectiva
991 3088 1099 3170 quibus
1118 3085 1225 3152 Catnl-
1279 3120 1290 3135 ·

137 3198 186 3263 lus
201 3213 277 3260 usus
295 3201 355 3269 est,
379 3190 486 3270 hacce,
509 3191 635 3255 albulus
655 3213 685 3275 p.
706 3199 757 3271 15,
776 3197 828 3269 18,
859 3191 1005 3253 aridolus
1022 3198 1075 3268 52,
1091 3197 1146 3268 23,
1168 3212 1224 3255 cu·

137 3299 243 3365 reolus
266 3303 298 3374 1,
314 3300 368 3361 26.
385 3300 440 3375 24,
457 3302 511 3373 21,
548 3293 725 3359 erudituluc
752 3300 878 3372 28,12,
898 3292 1076 3379 floriduluc
1097 3299 1222 3370 35,17,

126 3399 314 3486 fi‘igidulus
340 3406 395 3477 46,
421 3407 473 3476 18,
497 3398 607 3480 quoda
621 3394 744 3462 Catullo
757 3396 888 3478 sumpsit
901 3396 1009 3459 simius
1023 3394 1091 3459 eius
1108 3393 1140 3455 in
1156 3388 1222 3456 Ciri

136 3509 213 3572 250.
230 3508 306 3581 347,
336 3500 451 3564 imulus
474 3506 526 3575 14,
543 3505 576 3575 2,
605 3497 775 3582 mtegellus
796 3503 829 3575 9,
846 3504 900 3574 24,
924 3497 1076 3561 lacteolus
1096 3501 1150 3571 27,
1166 3499 1221 3567 23,

135 3605 275 3670 misellus
289 3610 322 3683 2,
341 3609 392 3667 13.
419 3607 471 3680 18,
487 3607 541 3667 26.
565 3605 619 3678 21,
639 3605 689 3664 10.
713 3604 768 3676 24,
787 3604 839 3676 10,
855 3598 1032 3662 molliculus
1046 3600 1221 3672 10,13.17,

135 3708 323 3774 mollicellas
344 3713 397 3784 14,
423 3710 475 3781 10,
502 3701 694 3788 pallidulum
719 3700 936 3794 adverbialiter
958 3698 1070 3760 dictum
1090 3700 1143 3770 55,
1166 3698 1220 3768 28,

131 3810 357 3899 pavemus,
370 3813 423 3886 10,
440 3804 661 3892 perlucidulus
674 3809 728 3881 66,
739 3809 794 3878 24,
818 3797 1096 3874 comitaturus,
1119 3797 1223 3880 turgi-

132 3911 232 3979 etatae
252 3916 357 3988 2,15,
380 3909 556 3995 turpiculus
568 3910 691 3984 21,20,
713 3899 836 3966 vemtm
860 3906 912 3976 14,
929 3904 981 3976 19,
1004 3907 1080 3977 tum,
1094 3918 1221 3981 quorum

136 4014 226 4099 poulo
245 4012 368 4077 diversa
386 4011 466 4076 ratio
487 4019 548 4088 est,
576 4005 716 4072 munulm
734 4009 788 4082 29,
803 4008 845 4068 23
868 4012 901 4066 et
912 4001 991 4085 qnod
1004 4001 1124 4085 saepius
1144 3997 1223 4063 dixit

138 4116 302 4181 ummlue.
324 4114 358 4179 in
377 4114 431 4179 illo
444 4123 547 4176 autem
560 4109 707 4175 mendoso
725 4103 881 4170 versiculo
901 4103 973 4170 libri
986 4104 1094 4188 partim
1110 4099 1222 4164 habent

139 4218 218 4304 quod
235 4216 441 4304 supraposui,
464 4212 573 4298 partim
592 4209 642 4277 Ni
659 4210 709 4276 dii
726 4230 789 4274 oen-
804 4208 853 4273 ibi
866 4209 955 4273 cario
975 4229 1027 4284 ue,
1050 4201 1159 4288 partim
1175 4200 1224 4265 112·

139 4320 263 4389 duem
283 4321 332 4387 ita·
347 4322 510 4393 eurio-ue,
533 4314 566 4381 in
587 4311 661 4383 lleti
681 4312 788 4381 codice
810 4332 868 4376 veo
888 4309 1037 4381 omium
1055 4299 1221 4385 aucupatio
