2746 4950
677 243 720 312 36

163 415 267 502 posuit
277 415 441 482 Lueretius
454 436 493 481 so
503 416 681 501 particulam
696 426 768 483 suto
783 415 861 482 istus
876 417 1013 487 littouss
1037 419 1095 485 sed
1107 440 1194 506 opus
1209 438 1262 490 εει

163 529 198 583 ιιι
211 520 327 584 rectius
343 519 543 583 emendentur
558 519 625 583 eius
637 517 706 584 libri
719 538 806 602 quam
822 530 854 583 et
864 519 897 583 in
909 521 964 586 heu
978 541 1013 588 re
1025 524 1147 587 foetum
1159 536 1215 590 εει
1229 538 1262 594 ει

163 620 215 686 uli
228 621 362 685 editores
376 620 409 684 in
423 621 528 684 eodem
543 621 691 706 partiouls
705 633 777 685 unte
791 623 926 686 vocalem
940 612 1086 689 eollooatu
1105 629 1122 706 (
1126 636 1161 706 1,
1179 636 1257 696 889.

164 729 196 800 s,
210 724 300 802 343),
323 721 394 804 quid
414 722 537 788 oodiees
553 724 751 789 admonerent
770 723 858 806 plone
872 724 987 802 securi,
1010 727 1257 809 requieverunt.

162 842 232 887 uam
246 828 278 899 6,
293 830 355 889 324
374 825 450 888 udeo
465 845 508 890 ex
524 825 701 888 eonieetnru
715 824 860 909 seriptum
883 837 932 889 est
951 825 1005 889 Ao
1024 828 1130 893 celeri
1141 831 1259 916 serm

156 934 300 1010 pergunt
319 926 529 1011 tidisulmios
549 928 657 1012 lepores
693 927 773 1010 quod
792 927 826 990 in
843 927 996 991 eodieilsns
1017 939 1068 993 est
1094 928 1155 996 At
1171 935 1259 1001 nullo

160 1024 297 1109 periculo
314 1039 462 1093 mutatum
482 1039 548 1092 erut
566 1029 597 1091 in
619 1028 675 1092 Et.
707 1029 850 1093 similiter
867 1036 899 1108 3,
921 1038 981 1095 117
1002 1050 1044 1093 ex
1063 1052 1130 1095 uuo
1147 1037 1258 1102 codiee

162 1139 314 1211 sumptum
337 1141 386 1192 est
400 1129 561 1194 Laetilium
577 1139 676 1193 moires
691 1152 729 1194 uo
743 1150 838 1194 ouras
852 1131 958 1195 eos-dis
970 1133 1095 1197 inanis:
1118 1134 1159 1200 in
1172 1150 1257 1205 eete-

159 1228 205 1293 ris
220 1229 360 1296 omnibus
373 1240 417 1306 ει,
440 1232 520 1314 quod
531 1250 639 1296 verum
654 1242 714 1311 εει,
735 1232 860 1315 legitur.
884 1233 1020 1297 eiusdem
1034 1233 1107 1299 libri
1119 1244 1143 1303 3
1157 1260 1256 1306 versu

159 1336 222 1396 438
232 1351 260 1396 ε.
278 1332 417 1396 sorilsnnt
432 1331 532 1398 Crede
543 1335 678 1398 antinum
692 1354 811 1420 quoqne
824 1333 961 1419 diffundi
971 1335 1131 1422 multoque
1136 1344 1258 1424 peroro

163 1429 259 1498 θείιιε
273 1455 312 1498 ao
324 1436 418 1498 eitius
430 1435 605 1499 dissolvitis
621 1437 887 1519 eorporuprimas
908 1455 1016 1500 verum
1030 1457 1069 1500 ae
1084 1441 1189 1506 mnus
1208 1443 1258 1508 in·

159 1547 245 1600 uerte
258 1536 439 1600 auotoritute
449 1535 576 1598 nititur:
600 1535 673 1599 novi
686 1535 819 1609 oodiees,
835 1547 866 1599 et
879 1559 972 1601 unum
984 1538 1126 1604 manilius
1140 1553 1254 1628 teneo,

157 1636 190 1700 in
211 1635 321 1718 quibus
337 1635 548 1720 scriptumest
567 1646 599 1700 ει
619 1637 721 1706 eslius.
747 1635 877 1719 denique
897 1648 927 1716 1,
943 1645 1003 1704 281
1014 1657 1060 1703 εε.
1083 1641 1180 1710 hodie
1196 1647 1256 1713 hoe

58 1738 60 1747 '
157 1737 300 1821 legimus,
322 1735 392 1802 Nee
409 1738 532 1801 ratione
544 1737 657 1823 fluunt
676 1738 741 1802 alia
760 1747 960 1826 stragesque
978 1755 1176 1826 propagant
1195 1745 1254 1814 Ae

155 1858 246 1924 quom
267 1840 370 1904 mollis
389 1859 489 1926 aquoe
495 1841 611 1924 fertur
622 1850 740 1921 nutura
754 1851 881 1926 repente
892 1841 1034 1906 Flumine
1049 1842 1250 1914 abundant&

157 1942 211 2006 sed
234 1943 339 2026 optimi
360 1941 492 2006 omnium
515 1955 638 2027 praeter
653 1939 901 2026 Gottorpiensem
917 1945 1037 2008 eodiees
1052 1940 1250 2029 Lugdunen-

47 2075 49 2079 ·
156 2062 208 2108 ses
225 2045 274 2109 Et
290 2044 415 2123 habent,
440 2044 476 2107 de
493 2041 702 2128 Gottorpiensi
722 2044 796 2106 mihi
813 2065 874 2107 non
889 2056 1019 2110 eonstst.
1043 2048 1128 2130 utqui
1142 2053 1248 2118 veris.

156 2144 264 2207 simum
286 2155 336 2206 εει
352 2145 427 2207 illud
440 2145 496 2209 Et.
528 2145 669 2208 similiter
681 2145 759 2208 dixit
771 2142 939 2209 Lueretius
955 2154 987 2225 3,
1005 2155 1086 2214 1105
1094 2169 1137 2213 ss.
1163 2153 1243 2221 Nee

153 2247 257 2309 missus
278 2246 332 2309 ille
352 2245 407 2308 dio
425 2246 487 2308 iem
509 2266 570 2307 non
592 2246 664 2323 erit,
695 2265 738 2309 ero
760 2243 910 2310 dodisma
923 2247 1055 2314 Lumine
1074 2251 1237 2337 qniflnsm

152 2349 339 2435 mirificis,
371 2357 404 2410 et
420 2346 486 2422 ille,
516 2344 682 2412 Mensibus
704 2357 797 2433 atque
815 2351 907 2413 annos
927 2353 982 2438 qui
998 2355 1105 2416 mulctis
1126 2355 1233 2421 ooos'ds't

152 2459 238 2526 aute,
255 2459 286 2528 5,
305 2459 387 2518 1077
396 2471 440 2515 ss.
464 2448 625 2514 Postremo
637 2471 742 2535 genus
756 2451 885 2516 alituum
899 2457 1068 2539 varrusque
1080 2457 1237 2536 enimes,

150 2552 333 2634 Aeerpitres
350 2562 443 2637 atque
462 2552 643 2635 osmstugue
661 2554 835 2635 mergique,
862 2557 994 2617 mannis
1016 2556 1182 2622 Fluctibus
1204 2562 1242 2625 s‘n

151 2652 236 2715 salso
257 2653 368 2715 uictum
395 2652 549 2737 uitamque
562 2660 706 2736 petentes
727 2649 840 2738 Longe
863 2655 946 2718 nlius
969 2655 1033 2719 alio
1061 2659 1186 2725 instant
1205 2664 1242 2727 in

151 2762 394 2837 temporeoooes,
410 2751 457 2815 Et
466 2773 554 2837 quom
570 2752 608 2817 de
618 2755 703 2818 nictu
718 2738 844 2819 certent
846 2756 1032 2844 praedoque
1041 2774 1240 2847 repugnent,

149 2857 183 2929 2,
198 2860 314 2917 414εε.
336 2852 409 2918 Neu
423 2856 519 2918 oniti
523 2867 694 2940 penetrare
704 2869 799 2944 putes
806 2859 986 2944 primordia
996 2860 1110 2946 soma
1126 2864 1165 2930 In
1178 2886 1240 2929 na-

148 2957 197 3018 ris
214 2955 381 3034 hominum,
411 2979 500 3045 quom
522 2967 605 3024 tetra
625 2961 782 3027 cadauera
803 2972 935 3037 torrent,
966 2963 1014 3026 Es
1029 2982 1117 3042 quom
1138 2986 1237 3030 seona
1258 2950 1265 2965 ⁸

149 3075 239 3118 eroco
257 3055 353 3121 Cilici
365 3059 502 3144 perfuso
515 3082 623 3125 reeens
638 3073 696 3136 est,
720 3074 789 3143 post
804 3083 880 3140 quae
893 3061 994 3120 statim
1010 3058 1083 3114 loeo
1097 3074 1233 3131 sequnn-

80 3147 88 3165 ’
147 3166 210 3236 tur,
239 3156 327 3224 Neue
343 3160 438 3226 bonos
449 3183 555 3227 rerum
576 3159 676 3223 simili
686 3168 830 3223 constare
842 3155 963 3215 colores
977 3149 1100 3211 Sernsise
1113 3153 1228 3212 eonsti-

147 3269 230 3338 ιιιεε,
253 3266 361 3329 oeulos
381 3267 440 3352 qm·
450 3283 585 3350 pascere
600 3267 745 3347 possunt,
769 3253 815 3319 Et
828 3254 884 3340 qui
900 3258 1114 3336 conspergunt
1130 3252 1229 3316 aciem

146 3362 381 3453 lomumoreque
400 3375 528 3449 cogent.
568 3366 605 3426 de
625 3358 786 3425 Ciceronis
807 3373 947 3419 sermone
958 3349 1135 3434 Madvigius
1150 3353 1230 3417 uixit

144 3474 333 3648 1λΗἸῚιιιιιιιε
355 3581 423 3625 eum
446 3555 614 3624 Lueretius
636 3551 777 3619 Catullus
798 3551 948 3640 virgilius
968 3553 1100 3624 (Μαίης
1124 3569 1168 3635 et'
1193 3572 1229 3622 ut

142 3667 222 3729 hune
244 3667 345 3731 stetim
365 3662 483 3740 eddom,
512 3656 693 3743 Propertius
715 3678 778 3723 non
804 3659 963 3744 posuerint
981 3682 1021 3724 uo
1049 3660 1227 3744 purtieulum

140 3777 210 3830 ante
227 3790 312 3855 ogq
327 3769 459 3842 litteras,
483 3762 543 3826 nisi
556 3760 635 3844 quod
647 3757 815 3824 Lueretius
830 3759 970 3823 Catullus
987 3759 1117 3826 Ovidius
1131 3763 1229 3826 sirmd

139 3890 178 3935 ae
198 3888 259 3932 non
280 3879 421 3956 poterent
438 3885 500 3929 non
517 3883 669 3945 nunqnam
687 3862 778 3924 aliter
799 3861 966 3941 eolloesre,
988 3883 1061 3926 num
1078 3863 1223 3928 credibile

138 3971 193 4036 tibi
206 3970 329 4036 videtur
342 3963 600 4054 elegantissimum
612 3972 730 4048 poetum
745 3961 911 4041 Tibullum,
935 3965 1013 4048 opud
1025 3986 1114 4048 quem
1129 3984 1223 4048 oopu-

136 4072 262 4138 letivum
280 4095 319 4138 ue
336 4083 385 4137 ter
400 4080 515 4135 tunsum
537 4066 625 4130 hodie
652 4064 767 4149 legitur.
792 4066 887 4146 (1,3,
901 4073 942 4132 87
956 4066 1048 4131 ethis
1067 4075 1097 4145 1,
1114 4074 1146 4144 5,
1162 4068 1220 4149 72)

135 4183 167 4236 ει
187 4176 282 4239 semel
294 4170 529 4259 uompsrstivum
550 4171 662 4256 (aeque
674 4189 713 4234 ao
725 4176 758 4246 4,
777 4175 828 4245 12,
845 4172 892 4250 2),
916 4169 948 4232 in
965 4180 1023 4233 tum
1037 4188 1109 4232 ruro
1124 4167 1218 4250 purti-

131 4273 218 4337 oulse
231 4293 291 4340 usu
311 4277 354 4341 ito
376 4270 435 4338 sibi
449 4270 615 4336 indulsisse
629 4270 723 4336 uthis
739 4291 804 4340 oum
816 4280 918 4336 sntse
934 4272 1070 4339 litteram
1085 4270 1216 4336 eolloes·
