2746 4950
653 237 695 304 10

133 409 319 478 iuorehruit:
351 408 463 474 dietum
486 417 536 472 est
556 408 601 472 ita
619 409 653 472 iu
674 408 772 473 euliee
795 429 828 472 v.
844 413 885 474 62
901 429 961 487 ss„
982 410 1118 474 adnitor
1151 413 1239 473 aare·

135 514 201 581 set
217 510 484 601 deputavimus
497 512 632 576 ueterem
646 533 707 575 non
724 512 831 595 tangit
847 532 990 587 avarem,
1012 509 1233 598 Picturaeque

134 617 229 682 deeua
251 613 387 700 lepidam
414 633 471 676 nee
481 613 603 698 Jitlgor
624 616 657 677 ia
678 614 745 677 ulla
770 611 924 699 Cogne'tus
943 614 1079 677 utilitate
1101 625 1229 690 manet,

135 721 173 785 de
188 718 297 803 quibus
311 715 453 780 versibus
468 736 530 778 uon
545 727 630 780 reete
644 716 758 780 iudicat
772 716 1005 780 recentissimus
1028 716 1138 793 editor,
1167 737 1230 780 nee

134 823 224 904 louge
246 818 337 883 aliter
355 817 477 882 loeutus
499 829 548 882 est
564 814 682 882 Statius
702 819 773 882 silv.
789 826 822 898 3,
839 826 871 898 3,
887 826 929 883 48
959 818 1037 904 quid
1056 819 1136 881 enim
1161 829 1229 884 ter-

134 926 242 1009 risque
256 921 393 1008 poloque
406 919 548 984 Pareadi
559 923 629 984 sine
641 921 715 1006 lege
728 926 856 986 manet?
880 933 912 984 et
925 919 1024 983 Theb.
1045 929 1075 998 1,
1094 926 1134 984 30
1156 943 1229 985 ma-

83 1056 89 1067 ·
134 1046 212 1090 neae
233 1024 388 1088 hamedeum
410 1032 572 1086 contentas
600 1023 748 1099 habenis,
784 1024 896 1107 aliique
921 1022 1092 1107 posteriore
1120 1032 1229 1087 aetate

135 1126 318 1211 eomplures.
336 1144 355 1187 a
367 1124 565 1206 permanendi
579 1125 802 1209 signifieatione
817 1126 1011 1210 prope-abest
1025 1125 1109 1188 notio
1124 1146 1231 1189 rema·

134 1226 238 1293 uendi.
270 1236 369 1290 restat
389 1225 486 1309 igitur
506 1237 541 1290 ut
557 1238 697 1310 putemus
717 1249 841 1292 manere
864 1229 923 1291 diei
942 1249 1008 1292 eam
1028 1227 1120 1290 vitam
1143 1249 1228 1310 quae

134 1328 253 1414 reliqua
268 1329 311 1393 sit
324 1339 357 1393 et
371 1329 572 1413 superfutura'
581 1331 699 1416 dempta
714 1332 795 1395 omni
809 1331 1007 1395 iucunditate.
1028 1331 1164 1413 proiecto
1180 1331 1230 1395 ita

134 1453 197 1497 rou
210 1450 366 1514 uunquam
387 1430 481 1495 locuti
503 1443 576 1494 sunt
596 1433 762 1515 scriptores
782 1431 901 1514 Latini,
930 1452 1095 1516 quanquam
1116 1433 1228 1498 rarius

136 1555 224 1617 quam
243 1532 311 1614 quis
333 1531 486 1613 opinetur.
510 1533 564 1596 sed
584 1534 641 1597 hoe
663 1554 781 1616 quoque
803 1556 865 1598 nou
884 1547 1041 1619 praestare
1052 1535 1175 1599 videtur
1192 1536 1229 1600 id

135 1634 215 1718 quod
233 1643 269 1696 ut
287 1632 399 1696 dietum
420 1632 518 1697 fuisse
544 1656 562 1698 a
584 1631 707 1699 Catullo
731 1635 890 1701 credamus
911 1638 978 1722 ipsa
999 1657 1057 1702 uos
1075 1637 1226 1720 cogitatio

135 1756 192 1799 sua
207 1744 316 1817 sponte
331 1734 463 1797 adducit.
487 1747 557 1799 utut
571 1748 631 1815 est,
649 1758 711 1800 nou
726 1738 889 1822 scripsisse
903 1737 1059 1805 Catullum
1072 1760 1153 1827 quae
1165 1740 1229 1804 tite·

135 1847 238 1902 menet
260 1838 327 1901 vita
347 1837 416 1901 veri
431 1838 588 1902 admodum
612 1839 712 1904 simile
731 1852 779 1905 est
798 1854 923 1928 propter
937 1844 1126 1907 sineerorum
1140 1843 1223 1906 eodi-

136 1961 204 2006 eum
222 1939 465 2025 discrepantiam.
498 1964 625 2026 quorum
643 1965 704 2008 uon
725 1943 801 2008 uuili
816 1967 878 2009 nou
893 1947 1006 2010 habent
1021 1945 1089 2021 tibi,
1114 1944 1146 2007 in
1162 1966 1228 2010 uno

136 2044 282 2128 seriptum
303 2055 353 2106 est
374 2044 433 2106 titi
444 2064 535 2127 quoe,
560 2055 595 2106 ut
609 2044 833 2126 depravationis
848 2049 979 2131 vestigia
996 2047 1229 2131 deprehendam-

135 2158 198 2210 tur.
222 2144 277 2207 sed
296 2144 375 2226 quod
387 2139 485 2206 Laur.
501 2141 668 2207 Santenius
689 2147 832 2226 oonieoit,
855 2170 936 2234 quae
950 2150 1011 2212 tibi
1025 2151 1167 2213 iinmeieet
1178 2154 1227 2215 ee·-

136 2257 181 2323 ια,
206 2245 265 2309 etsi
278 2244 389 2309 bouum
403 2246 503 2308 estad
523 2246 719 2327 sententiam,
743 2259 844 2314 tamen
864 2251 985 2335 lougius
1002 2252 1096 2317 distat
1110 2275 1128 2318 a
1141 2254 1227 2317 eodi-

136 2348 223 2412 eibus
241 2369 300 2412 neo
321 2347 354 2412 in
377 2348 450 2412 sede
472 2369 529 2412 sua
545 2349 653 2414 vitium
673 2352 844 2435 quaesitum
864 2365 930 2418 est:
970 2355 1048 2438 quod
1075 2366 1175 2419 autem
1205 2377 1225 2419 a

134 2449 229 2517 Ferd.
253 2450 373 2516 Handio
395 2453 467 2517 olim
486 2455 672 2539 propositum
693 2467 753 2534 est,
775 2479 866 2541 quoe
886 2456 997 2520 deliine
1018 2468 1124 2522 manet
1142 2459 1222 2534 uita,

136 2553 256 2639 probari
278 2553 384 2636 aequit
397 2556 485 2617 mullo
509 2556 611 2616 addito
631 2557 820 2636 pronomine.
852 2575 909 2633 ego
930 2575 1005 2616 vero
1025 2558 1143 2622 inserta
1162 2580 1222 2623 uua

136 2656 274 2722 litterula
284 2656 364 2740 quod
376 2654 543 2737 requiritur
556 2653 602 2715 sio
616 2654 760 2730 restituo,

95 2759 97 2762 ’
287 2757 440 2831 Scelesta,
463 2775 520 2818 eee
543 2759 593 2816 te!
615 2775 695 2838 quae
715 2765 746 2817 te
766 2754 814 2818 ibi
831 2760 938 2816 munet
956 2753 1044 2817 vite!

137 2858 299 2924 eiusmodi
318 2856 428 2939 aliquid
452 2853 619 2918 desiderari
636 2855 737 2919 sensit
758 2856 809 2940 qui
829 2853 954 2939 seripsit
965 2860 1044 2941 quod
1064 2861 1096 2924 in
1113 2882 1222 2926 exoer-
1264 2932 1269 2939 ,

137 2963 197 3047 ptis
209 2958 350 3026 Putsehii
369 2956 539 3036 invenitur,
561 2979 642 3045 quoe
665 2969 695 3023 te
716 2969 779 3024 tum
799 2968 905 3024 monet
922 2961 998 3037 vita,
1022 2984 1080 3043 quo
1104 2968 1221 3026 numeri

137 3073 368 3149 pervertuntur.
399 3061 447 3123 itt
462 3070 563 3124 autem
579 3063 616 3125 de
633 3072 768 3145 tempore
782 3063 893 3126 dietum
910 3063 996 3145 plane
1009 3072 1059 3124 est
1075 3060 1219 3126 Catullia-

138 3186 221 3230 uum.
252 3164 296 3227 ita
318 3162 453 3247 loquitur
470 3185 502 3250 p.
516 3169 571 3243 40,
593 3170 643 3230 16.
661 3171 715 3230 22.
746 3173 801 3243 dl,
815 3172 868 3230 20.
894 3172 948 3244 57,
964 3171 1018 3243 et,
1035 3174 1079 3243 et,
1103 3165 1140 3229 de
1162 3185 1221 3248 quo

137 3288 232 3332 versu
248 3278 355 3351 postea
376 3269 528 3354 explicate
550 3268 658 3348 dicam,
683 3275 735 3348 58,
752 3274 812 3334 21:
837 3268 884 3332 iti
903 3278 966 3331 tum
989 3267 1131 3333 similiter
1151 3289 1222 3331 eou-

137 3369 239 3454 iungit
258 3391 289 3452 p.
304 3379 337 3448 4,
354 3379 408 3436 30.
431 3373 512 3435 idem
524 3373 572 3445 iti
580 3373 802 3436 restituendum
817 3392 889 3435 esse
903 3381 976 3452 puto
988 3390 1080 3433 earm.
1099 3376 1222 3448 temo

140 3475 184 3557 (p.
204 3480 257 3549 51,
276 3472 343 3552 13),
372 3471 425 3533 uhi
446 3472 525 3553 quod
546 3473 639 3554 vulgo
661 3472 806 3553 seriptum
828 3482 888 3549 est,
919 3471 975 3536 Sie
996 3473 1228 3536 reinvestitus

139 3577 313 3664 linquentes
325 3577 418 3659 regia
434 3583 518 3636 tecta
532 3572 593 3635 Aa
604 3595 638 3637 oe
651 3574 782 3658 quaeque
795 3593 878 3658 ougo
895 3576 1015 3657 poesim
1028 3575 1112 3654 pede
1125 3573 1222 3631 disee-

139 3679 267 3755 dedunt,
289 3677 448 3742 inventum
463 3696 537 3741 sane
554 3676 645 3740 estin
661 3675 783 3739 sineere
803 3674 893 3749 libro,
917 3672 970 3733 sed
987 3689 1055 3728 oum
1071 3671 1223 3753 exempla-

138 3780 186 3845 ria
200 3777 506 3864 queeLaebnannus
528 3779 631 3843 subtili
653 3777 765 3839 iudieio
782 3771 868 3852 sequi
892 3770 971 3830 solet
992 3767 1080 3831 ambo
1094 3770 1224 3838 habeant

141 3881 197 3948 See
211 3881 282 3957 etti,
306 3882 430 3946 tertium
443 3880 515 3944 iude
530 3878 658 3944 efficitur
672 3875 762 3956 idque
778 3871 838 3934 uisi
852 3871 941 3935 fallor
950 3890 1068 3950 verum,
1093 3872 1148 3936 Sic
1166 3876 1219 3937 ibi.

140 3993 281 4048 aoeurate
300 3983 443 4067 congruit
455 3983 534 4066 quod
548 3981 600 4046 ubi
619 3974 819 4042 inchoabatur
833 3973 1014 4060 temperatio
1032 3974 1142 4039 dietum
1156 3984 1223 4037 erat

143 4083 217 4162 Hie,
247 4086 351 4174 paulae
370 4085 459 4170 fletu
472 4082 635 4170 placidum
656 4098 743 4142 mure
760 4082 910 4144 numano
935 4077 1132 4161 Hernfieeas
1160 4074 1220 4139 Ze-

138 4189 262 4276 phyma
278 4189 439 4275 melmae
458 4187 574 4251 incitat
590 4182 703 4247 uades.
730 4179 762 4245 iu
784 4182 832 4246 his
855 4181 993 4246 omnibus
1008 4178 1171 4244 versieulis
1187 4178 1222 4241 de

58 4278 65 4288 ’
144 4290 312 4377 praeterito
324 4303 461 4379 temporo
481 4289 530 4356 ete·
549 4287 660 4352 dietum
676 4295 743 4352 est:
768 4286 821 4352 sed
835 4298 959 4373 appapet
976 4304 1036 4348 nou
1057 4281 1155 4345 miuus
1175 4300 1224 4344 re-
