2746 4950
613 298 652 365 11

95 487 142 540 cte
166 473 320 539 defuturo
341 470 401 536 diei
419 491 521 555 posse.
553 469 633 552 quod
649 469 682 531 in
702 488 807 533 eorum
830 466 958 552 gratiam
971 467 1024 551 qni
1039 467 1106 532 sine
1121 487 1177 532 ex-

77 658 81 665 ,
95 577 201 661 amplis
215 575 290 640 nihil
304 574 435 638 eredunt
446 594 506 637 nno
520 572 597 636 satis
610 581 660 635 est
673 571 900 635 demonstrasse
914 590 1009 634 versu
1024 569 1178 648 Terentii,

94 679 192 742 Andr.
210 685 243 756 t,
268 684 301 757 3,
324 683 343 742 5
381 674 446 740 Sed
468 677 502 738 si
519 684 554 738 tu
574 677 707 760 negaris
725 673 850 748 ducere,
886 673 933 736 itt
951 672 1074 759 mediam
1094 674 1128 736 ia
1150 681 1181 737 te

96 780 279 866 transferet.

617 1012 686 1083 ll·

97 1181 229 1247 Promisi
251 1204 300 1249 me
322 1183 434 1268 aliquid
455 1182 606 1246 dicturum
625 1200 697 1244 esse
720 1180 756 1244 de
771 1181 888 1245 duobus
901 1180 970 1244 aliis
986 1177 1100 1245 Catulli
1113 1200 1184 1245 ver-

97 1285 195 1349 sibus.
225 1307 262 1350 ac
274 1287 401 1370 primum
415 1286 535 1370 quidem
545 1282 657 1367 negavi
670 1282 792 1365 probari
806 1305 898 1367 posse
909 1285 988 1367 quod
1000 1283 1038 1347 al)
1052 1279 1185 1368 loseplm

98 1385 255 1472 scaligero
277 1410 371 1454 earm.
394 1396 448 1466 68,
469 1394 507 1452 91
532 1390 578 1468 (p.
595 1392 649 1460 ot,
671 1386 726 1464 12)
755 1385 901 1467 scriptum
920 1397 969 1448 est
988 1407 1049 1449 aaa
1066 1395 1108 1449 te.
1139 1385 1185 1449 lc-

97 1499 211 1570 guutur
225 1490 268 1552 ibi
283 1491 357 1552 haec
371 1491 404 1551 in
419 1487 587 1566 codicibus,

184 1588 269 1653 Nara
291 1601 354 1654 atae
375 1588 515 1653 Helenae
534 1599 630 1673 reptat
644 1589 805 1674 primores
824 1583 1023 1674 Argiuorum
1071 1632 1074 1637 -
1153 1579 1159 1589 ’

231 1688 388 1777 Coeperat
406 1691 451 1755 ael
470 1713 537 1755 sese
562 1692 659 1756 Troia
680 1692 764 1755 ciere
784 1692 884 1766 uiroc

188 1792 285 1859 Troia
306 1793 428 1878 (aes‘ea)
449 1814 606 1857 commuue
626 1794 799 1878 sepulerum
821 1791 923 1857 Asiae
943 1792 1163 1878 Europaeque,

233 1893 329 1959 Troia
348 1897 452 1959 mum
475 1906 508 1957 et
524 1897 672 1958 virtutum
694 1897 827 1957 omnium
849 1895 964 1958 arabe
985 1896 1077 1959 maes.

189 1980 276 2078 Quae
297 2005 381 2060 vetet
399 1995 436 2058 it
453 2005 563 2059 nostro
585 1995 679 2058 letum
699 1995 878 2058 miserabile
890 1996 1001 2079 fiatri

228 2093 362 2160 Attulit.
385 2097 441 2161 tei
458 2099 571 2160 misero
583 2097 699 2180 freter
720 2096 863 2181 adempte
882 2095 971 2172 melei,

187 2197 253 2265 Hei
270 2201 384 2262 misero
395 2197 508 2282 fratri
526 2198 693 2262 tuentum
716 2199 817 2261 laetere
839 2198 1026 2283 ademptam,

102 2313 134 2366 et
147 2322 225 2386 quae
238 2301 347 2366 deinde
363 2309 545 2383 sequuntur.
576 2299 618 2363 iti
638 2296 779 2383 Scaliger
795 2300 924 2383 scripsit
948 2301 1037 2382 Quae
1056 2299 1131 2384 (aee
1143 2299 1191 2383 te)

101 2414 209 2467 ansae
232 2404 325 2466 letum
343 2402 526 2465 miserabile
534 2401 647 2484 fratri
664 2402 798 2468 Attulit.
830 2403 885 2467 scd
901 2399 1132 2484 σχετλιαστικὸν,
1155 2411 1192 2467 ut

103 2515 188 2568 recte
207 2503 348 2587 appellat,
385 2502 460 2566 illud
484 2524 542 2566 aee
558 2513 588 2567 te
607 2503 827 2567 incommodum
846 2513 895 2566 est
912 2514 1071 2586 postquam
1094 2504 1191 2569 multe

103 2604 205 2690 aptius
224 2615 438 2690 praecesserat
457 2605 561 2689 nefus,
601 2625 701 2688 neque
730 2616 894 2670 venustum
921 2616 1008 2670 esset
1032 2604 1061 2669 si
1088 2604 1191 2671 subito

108 2707 233 2772 Troiam
247 2707 457 2791 alloqueretur
479 2703 640 2786 Camillus,
664 2728 734 2771 nam
747 2707 889 2789 sequitur
902 2708 1005 2770 statim
1019 2729 1089 2770 cum
1104 2706 1192 2790 gravi

106 2809 455 2892 exclamationepulora
474 2809 578 2873 fratris
599 2809 754 2873 allocutio.
788 2819 949 2892 praeterea
961 2808 1055 2873 distat
1067 2809 1193 2875 alibro-

105 2933 174 2976 rum
201 2909 415 2993 depravatione
440 2921 471 2974 et
494 2910 570 2974 illud
593 2911 692 2994 ipsum
725 2911 805 2994 qnod
831 2910 978 2974 orationis
1000 2912 1192 2976 concinnitas

106 3012 241 3097 postulat
259 3012 440 3094 litteraeque
459 3013 624 3076 mendosae
643 3033 741 3095 paene
756 3014 964 3077 demonstrant
981 3034 1043 3076 non
1056 3014 1192 3098 attingit.

105 3136 213 3180 verum
240 3114 273 3178 in
293 3113 480 3178 emendando
501 3113 559 3177 hoc
579 3134 675 3178 versn
697 3114 787 3179 otiam
813 3113 948 3197 reliquos
980 3117 1193 3199 grammaticos

106 3237 228 3302 operam
247 3215 417 3299 perdidisse
438 3216 582 3280 arbitror.
614 3216 783 3296 dnodeoim,
807 3217 970 3282 nisietiam
985 3219 1102 3301 plures,
1125 3238 1195 3302 pro·

107 3317 224 3404 positae
239 3328 312 3380 sunt
324 3318 531 3395 coniecturae,
552 3339 678 3400 quarum
692 3319 823 3382 diversis
839 3318 991 3382 decausis
1008 3319 1112 3382 eadem
1126 3339 1195 3402 pra·

107 3420 188 3484 vitas
208 3431 268 3484 est.
300 3439 370 3484 nam
388 3429 422 3482 ut
444 3430 633 3502 praeteream
656 3440 732 3502 quae
752 3420 870 3502 quidam
894 3421 962 3484 sine
976 3431 1043 3484 arte
1065 3431 1098 3485 et
1112 3422 1197 3487 nulla

108 3522 279 3586 litterarum
299 3543 318 3585 a
337 3521 424 3586 libris
446 3521 623 3586 traditarum
648 3525 767 3586 ratione
789 3522 892 3586 hahita
921 3523 1083 3588 commenti
1109 3536 1195 3602 suut,

108 3621 205 3687 veluti
221 3621 300 3705 quod
315 3642 357 3685 ex
371 3623 467 3704 prima
480 3623 552 3687 Atti
566 3625 700 3689 editione
716 3625 749 3688 in
761 3645 821 3688 non
835 3646 947 3709 paucas
961 3625 1087 3689 transfit
1112 3627 1198 3708 Quoue

109 3745 218 3810 nempe
240 3734 272 3787 et
290 3732 413 3800 nostro,
436 3723 506 3787 aliis
522 3736 630 3788 eontra
643 3737 741 3809 aptam
757 3737 789 3789 et
805 3739 895 3810 pocta
910 3728 1030 3812 dignam
1044 3726 1199 3811 cogitandi

110 3827 258 3891 rationem
286 3836 442 3910 peccatum
470 3837 536 3904 est,
567 3829 715 3911 quemad
744 3830 864 3893 modum
880 3829 1060 3894 Huschkius
1081 3828 1198 3894 erravit

111 3928 361 4011 conscripsisse
383 3924 537 4013 Catullum
556 3930 681 4013 putabat
705 3931 786 4012 Quia
801 3934 892 3996 edam
912 3933 949 3996 it
959 3943 1086 3997 nocane
1110 3943 1198 3996 taceo

111 4039 286 4095 enervatam
306 4030 343 4094 iel
369 4030 548 4113 pronomine
569 4032 751 4111 orationem,
783 4034 837 4098 sed
858 4034 957 4098 noluit
977 4035 1112 4120 profecto
1136 4029 1198 4098 Cu·

113 4133 207 4197 tullus
234 4131 338 4195 fratris
364 4131 413 4195 sui
432 4142 573 4211 mortem,
597 4157 685 4218 quam
705 4135 738 4200 in
759 4135 812 4200 illa
823 4136 951 4220 regione
969 4137 1104 4214 obierat,
1128 4155 1198 4203 cum

112 4233 231 4318 ingenti
247 4234 286 4298 ad
300 4232 424 4298 Troiam
442 4236 639 4320 pugnantium
654 4248 757 4323 strage
774 4249 918 4322 tanquam
932 4259 1010 4321 quae
1023 4239 1148 4323 gravior
1161 4260 1198 4305 ac

114 4335 316 4402 miserabilior
328 4347 416 4403 essct
428 4358 622 4422 comparare:
638 4339 699 4405 ulia
713 4340 865 4406 sermonis
880 4339 999 4424 legitur
1012 4352 1197 4427 repugnent,
