2746 4950
724 307 768 375 lid

203 484 307 561 τιιιιυί,
332 493 368 547 ιιι
387 478 550 548 accederet
571 481 695 557 tertias,
720 479 867 545 veniebat
882 478 1008 545 Oileus:
1033 491 1067 544 ut
1086 501 1184 563 neque
1201 502 1296 568 eopn-

204 587 327 651 lativum
351 584 403 647 καί
421 602 516 665 neque
538 581 576 643 δι’
592 593 754 666 poneretur
773 582 830 645 hoc
848 582 944 667 ipsum
967 582 1045 665 quod
1066 582 1221 648 dicebatur
1245 589 1298 649 καῖ

203 688 303 774 τρίτος
321 686 429 750 fecisse
446 683 518 747 mihi
539 682 668 748 videtur.
699 685 797 768 itaque
811 685 915 749 nescio
930 705 968 747 an
982 685 1150 768 comparari
1165 688 1297 768 quodam

204 788 292 854 modo
315 786 412 872 possit
434 785 491 848 alia
507 782 693 850 Graecorum
713 787 830 851 dicendi
849 786 1046 851 consuetudo.
1079 808 1166 870 quem
1178 788 1220 851 ad
1232 811 1296 855 mo-

206 891 274 955 dum
290 889 369 952 enim
383 887 414 950 in
430 887 474 950 eis
491 908 565 970 quae
576 889 659 952 attuli
675 891 729 950 καί
741 890 817 972 quod
832 901 879 954 est
894 892 986 952 etiam
1001 898 1032 952 et
1053 889 1091 952 ad
1104 891 1206 976 τρίτος
1227 912 1296 974 ροτ-

204 993 281 1057 tinet
291 1011 386 1074 neque
401 990 558 1054 enunciata
573 991 726 1057 connectit
741 1013 853 1076 ponere
876 989 950 1055 satis
966 989 1134 1054 habuerunt
1145 989 1296 1058 Theocri-

204 1103 253 1157 tus
273 1102 360 1177 atque
370 1093 561 1177 Apollonius,
585 1093 629 1156 ita
650 1096 702 1155 καί
721 1092 780 1179 χάρ
801 1115 862 1157 non
883 1113 1031 1175 nunquam
1046 1092 1157 1157 dicitur
1175 1093 1228 1157 ubi
1245 1099 1295 1158 καί

204 1194 264 1282 χάρ
289 1196 342 1257 καί
354 1195 588 1278 intellegendum
603 1206 662 1258 est.
694 1217 756 1258 uon
771 1195 836 1258 dieo
851 1195 930 1259 idem
945 1195 1001 1258 hoc
1019 1214 1099 1272 esse,
1124 1195 1180 1258 sed
1196 1197 1295 1262 simile

203 1279 362 1384 prepterea
377 1297 456 1380 quod
469 1318 560 1360 unum
576 1294 629 1358 καί
641 1296 764 1381 duplicis
781 1295 942 1379 particulae
958 1296 1103 1361 vicarium
1117 1308 1177 1361 est.
1203 1310 1293 1383 atque

204 1400 273 1464 ltine
293 1399 365 1462 mihi
384 1397 499 1463 reditus
522 1409 570 1462 est
590 1398 627 1461 ad
641 1395 817 1462 Pindarum.
841 1397 952 1463 etenim
974 1394 1026 1463 01.
1040 1406 1072 1476 7,
1089 1406 1130 1464 24
1138 1420 1183 1464 ss.
1208 1414 1294 1468 recte

204 1500 324 1586 scripsit
338 1498 509 1564 Boeelihius
533 1498 613 1579 ἀμφί
634 1497 663 1562 δ’
688 1499 862 1586 ἀνθρώπων
881 1500 995 1586 φρασίν
1018 1497 1184 1579 ἀμπλακίαι
1200 1501 1295 1567 Ἀνα-

204 1605 349 1691 ρίθμητοι
366 1600 546 1686 κρέμανται·
571 1603 658 1664 τοῦτο
680 1599 713 1662 δ’
736 1598 889 1683 ἀμάχανον
910 1599 1008 1685 sciprio
1022 1598 1061 1663 ‘¹0
1082 1624 1111 1662 τι
1125 1605 1179 1665 νῦν
1194 1603 1228 1666 έν
1243 1607 1296 1669 καί

202 1704 322 1784 τελευτᾷ
338 1700 486 1786 φέρτατον
509 1699 600 1787 ἀνδρί
619 1702 728 1783 τυχεῖν,
751 1712 783 1766 et
800 1700 891 1788 Pyth.
912 1707 964 1780 10,
983 1709 1078 1766 55ss.¹
1100 1700 1294 1772 Hermannus

197 1802 348 1885 Ἕλπομαι
368 1799 397 1863 δ’
417 1800 595 1888 Ἐφυραίων
607 1800 679 1864 ’Dor’
701 1801 781 1884 ἀμφί
794 1800 927 1881 Πηνείόν
945 1802 1085 1885 χλυκεῒαν
1102 1806 1294 1892 προχεόντων

203 1902 278 1987 έμάν
292 1902 355 1969 Τόν
373 1902 548 1967 Ἱπποκλέαν
562 1900 606 1966 ἔτι
621 1907 673 1967 καί
692 1908 803 1985 μᾶλλον
818 1902 872 1967 ode
887 1902 1120 1978 ἀοιδαῖςἝκατι
1135 1909 1293 1991 στεφάνοιν

201 2001 320 2083 θαητὸν
336 2004 368 2067 ἰν
389 2002 468 2079 ἅλιξι
479 2004 615 2086 θησέμεν
630 2005 661 2068 έν
681 2007 732 2069 καί
745 2006 947 2092 παλαιτέροις,
970 2007 1103 2071 Νέαισίν
1121 2031 1152 2073 τε
1171 2011 1293 2097 παρθέ-

201 2129 281 2173 νοισι
294 2106 421 2188 μέλημα.
444 2106 476 2169 in
488 2106 533 2170 his
546 2129 608 2171 non
622 2120 693 2192 puto
708 2109 880 2193 simpliciter
897 2109 1053 2174 traiectam
1067 2131 1136 2175 esse
1152 2112 1205 2173 καί
1219 2133 1292 2194 par·

201 2208 322 2272 doulam
340 2227 436 2290 neque
459 2212 514 2270 νῦν
528 2209 560 2270 ἐν
573 2210 626 2271 καί
637 2215 757 2291 τελευτᾷ
773 2211 851 2275 idem
871 2232 940 2275 esse
955 2223 1043 2296 atque
1064 2215 1116 2275 νῦν
1129 2213 1181 2275 καί
1193 2212 1226 2272 ἐν
1238 2234 1287 2273 τι-

202 2312 290 2391 troes
310 2318 362 2382 aut
382 2308 414 2371 έν
435 2305 515 2383 ἅλιξι
536 2308 568 2371 έν
590 2311 642 2372 καί
660 2312 850 2400 παλαιτέροις
869 2313 949 2377 idem
960 2315 1038 2398 quod
1051 2312 1082 2375 έν
1090 2308 1167 2386 ἅλιξι
1180 2311 1234 2371 καί
1249 2311 1285 2371 έν

202 2409 405 2498 παλαιτέροις,
442 2410 497 2474 sed
517 2411 571 2473 καί
586 2411 707 2479 videtur
727 2435 797 2481 esse
818 2417 912 2480 eleum
928 2427 960 2479 et
973 2417 1009 2479 ad
1024 2412 1187 2500 proximum
1197 2420 1286 2473 utro·

202 2513 290 2597 bique
312 2511 486 2577 vocabulum
509 2514 681 2596 pertinere:
705 2517 761 2580 hoc
782 2518 835 2579 καί
846 2538 958 2601 ponere
974 2517 1050 2580 satis
1065 2513 1164 2580 habuit
1177 2509 1291 2576 Pinda-

203 2635 268 2694 τοι,
292 2634 358 2676 cum
371 2613 460 2697 plene
473 2615 569 2679 oratio
584 2617 658 2681 haee
671 2619 762 2693 foret,
784 2639 866 2678 καοο
886 2627 920 2677 et
939 2619 1031 2677 etiam
1054 2620 1087 2679 τίι
1099 2616 1184 2700 fiae,
1207 2615 1293 2677 ieter

202 2716 351 2804 aequales
372 2725 405 2780 et
425 2719 517 2780 οιίοια
537 2719 783 2780 interscalares.
807 2714 906 2795 itaque
926 2714 953 2777 si
967 2714 1044 2777 bene
1060 2717 1203 2794 coniioio,
1227 2715 1293 2780 nul·

202 2819 264 2885 lum
281 2819 329 2882 hic
351 2819 573 2902 agnoscendum
588 2816 647 2879 erit
668 2817 721 2877 καί
732 2815 891 2899 particulae
907 2816 1105 2902 hyperbaton,
1131 2819 1187 2882 sed
1202 2839 1295 2900 quae-

202 2920 270 2984 dam
303 2917 553 3003 breviloquentia.
601 2938 692 2999 quare
720 2918 797 3012 haud
824 2919 896 2982 satis
921 2930 1070 2996 accurate,
1110 2918 1171 2982 nisi
1190 2920 1292 2999 fallor,

200 3019 374 3087 Boeclrhius
395 3041 462 3084 cum
481 3019 529 3083 his
547 3019 685 3083 versibus
708 3021 890 3104 comparavit
912 3010 985 3105 quae
1008 3021 1175 3085 dictasunt
1192 3019 1291 3108 Pyth.

201 3130 235 3201 4,
252 3127 323 3185 tiss.
348 3120 433 3205 tapete
448 3123 560 3183 Νάσον
586 3120 627 3192 ὡς
645 3119 704 3196 ἤδη
726 3121 821 3184 λιπών
841 3124 985 3184 κτίσσειεν
1009 3121 1179 3208 εὐάρματον
1190 3121 1295 3187 Πόλιν

202 3222 235 3287 ἕν
252 3217 392 3308 ἀρχάτντι
410 3221 516 3302 μαστῷ
545 3220 613 3280 Καί
632 3217 667 3282 τό
685 3221 830 3297 Μηδείας
849 3219 920 3293 ἔπος
939 3219 1131 3303 ἀχκομίσαιθ’
1153 3220 1294 3305 Ἑβδόμη

203 3325 255 3388 καί
277 3321 333 3386 σόν
350 3319 462 3402 δτκάτᾳ
479 3323 566 3403 recept
583 3318 729 3407 Θήραιον.
768 3322 816 3388 hie
835 3322 913 3387 enim
932 3323 986 3386 σόν
1008 3325 1135 3410 positum
1158 3335 1207 3391 est
1227 3321 1293 3388 ἀπό

202 3428 318 3499 κοινοῦ,
347 3423 431 3506 ¹quasi
452 3423 479 3487 si
499 3421 628 3487 dixisset
641 3421 696 3485 σόν
712 3423 827 3508 ἑβδόμᾳ
841 3428 893 3489 καί
908 3424 963 3511 σόν
978 3427 1089 3508 δικάτᾳ
1104 3429 1200 3510 perspi,
1224 3443 1292 3487 non

202 3526 316 3593 maiore
337 3524 501 3588 insolentia
525 3523 669 3588 dirimens
688 3548 763 3609 quae
783 3527 874 3590 dividi
893 3549 954 3592 non
973 3541 1099 3613 possunt
1120 3549 1205 3612 qnam
1222 3547 1293 3591 cum

202 3629 282 3694 dixit
301 3625 352 3692 0l.
371 3633 401 3703 1,
420 3631 512 3691 7938.
533 3623 618 3689 Ἐπεί
636 3627 717 3713 τρεῖς
728 3649 760 3689 τε
775 3629 827 3690 καί
843 3626 902 3690 δέκ’
920 3627 1035 3717 ἀνδρας
1049 3630 1165 3700 ὀλέσαις
1173 3627 1293 3708 Ἑροῖν.

200 3755 255 3802 τας
267 3726 464 3810 ἀναβάλλεται
475 3724 572 3810 χόμον
586 3727 752 3815 θυγατρός,
777 3730 902 3813 denique
918 3753 992 3814 quae
1007 3733 1131 3815 legimns
1145 3722 1240 3787 Nem.
1252 3735 1288 3806 7,

201 3838 293 3908 308„
318 3825 392 3892 ἀλλά
415 3826 516 3893 κοινόν
536 3827 594 3916 χάρ
614 3827 731 3914 ἔρχεται
755 3830 836 3912 Κῡρί
861 3829 966 3908 Ἀίδα,
991 3832 1063 3894 πέσε
1085 3826 1114 3890 δ’
1137 3823 1292 3903 ἀδόκητον

202 3931 234 3997 ἓν
256 3932 308 3993 καί
329 3927 483 4006 δοκέοντα,
506 3930 538 3992 in
560 3931 605 3996 eis
627 3942 658 3997 et
676 3933 859 4017 praepositio
881 3930 940 3997 ἀπό
955 3934 1059 3996 κοινοῦ
1067 3929 1166 4016 posita
1181 3938 1229 3993 est
1242 3942 1290 4011 et,

202 4032 261 4099 nisi
288 4032 387 4109 fallor,
418 4032 471 4095 καί
491 4032 544 4096 illa
572 4033 608 4097 de
632 4055 689 4118 qua
714 4045 803 4098 antea
825 4034 888 4098 dixi
914 4035 1051 4112 ratione,
1086 4044 1119 4098 nt
1139 4032 1291 4116 signifiea-

202 4146 253 4199 ret
271 4137 375 4210 οιιλιιυ,
403 4133 457 4199 sed
479 4133 567 4198 simul
590 4136 855 4219 comprehenderet
873 4136 1045 4216 enunciata,
1068 4147 1103 4202 et
1121 4140 1292 4203 οοοοοιαιιίτ

200 4241 286 4301 venit
305 4236 390 4302 υοαία
414 4235 502 4312 Oroi,
526 4235 671 4322 caditque
689 4240 722 4301 in
742 4240 912 4324 τὀςίοοιυοι
938 4249 1033 4325 atque
1051 4241 1145 4304 etiam
1164 4237 1197 4299 ia
1217 4237 1292 4320 glo-

201 4359 332 4405 raom.
