2746 4950
739 291 759 354 4

206 462 309 548 sophis
324 460 451 525 barbare
470 461 588 544 loquar,
612 461 749 526 devitant
764 471 795 525 et
816 471 959 528 concreta
975 471 1130 526 sectantur
1144 473 1176 526 et
1190 467 1304 531 omnia

205 586 272 630 cum
288 565 426 628 subiecto
448 575 501 628 aut
523 553 641 627 obiecto
662 563 822 643 orationis,
846 564 987 646 quoniam
1002 563 1075 628 haee
1089 564 1212 626 maximi
1228 589 1302 630 mo-

204 668 297 730 menti
312 676 396 745 sunt,
420 677 565 747 quantum
579 665 645 728 fieri
668 677 770 750 potest
782 666 935 730 artissime
950 666 1134 750 coniungere
1150 667 1299 749 student,

203 768 415 833 adverbiorum
433 768 513 845 loco,
552 788 679 850 quornm
702 768 790 851 quasi
810 769 910 832 minus
941 769 1050 852 vigent
1075 767 1229 848 notioneS,
1262 784 1301 835 et

203 870 354 934 adiectiva
370 880 401 932 et
414 869 591 952 pronomina
604 890 694 953 saepe
710 891 836 934 numero
850 881 1030 954 posuerunt.
1063 870 1096 933 in
1106 891 1164 953 qua
1176 891 1211 933 re
1226 870 1298 935 Ro-

202 972 296 1050 mani,
321 981 353 1034 ut
368 971 444 1049 dixi,
464 971 579 1034 maiore
597 971 722 1035 licentia
742 972 791 1035 usi
812 984 886 1038 sunt
902 993 988 1056 qnam
1004 969 1128 1050 Graeci,
1154 994 1220 1036 cum
1237 996 1296 1038 ne-

202 1072 313 1157 gativis
334 1094 453 1154 quoqne
476 1073 633 1157 particulis
649 1074 827 1156 pronomina
841 1097 903 1139 non
920 1095 1070 1159 nunqnam
1086 1076 1294 1155 praeferrent.

203 1185 274 1237 nota
297 1184 369 1237 suut
389 1194 465 1255 quae
489 1173 541 1236 tali
561 1176 649 1238 modo
663 1173 792 1238 Plautus
809 1187 842 1240 et
855 1175 1022 1241 Terentius
1041 1177 1198 1258 dixerunt,
1221 1183 1295 1244 nul-

202 1277 251 1339 lus
263 1275 408 1350 creduut,
432 1276 537 1338 nullus
552 1277 736 1353 ostendmir,
758 1279 864 1341 nullus
879 1279 1014 1355 dimetas,
1039 1282 1165 1343 tametsi
1183 1283 1292 1344 nullas

200 1400 326 1442 moneas
349 1389 380 1440 et
401 1377 543 1440 similiter
564 1378 641 1442 alia:
666 1378 812 1443 dixerunt
831 1391 932 1445 autem
947 1401 1009 1443 non
1022 1391 1057 1444 ut
1071 1381 1201 1447 ridicula
1221 1403 1291 1465 pro-

201 1481 330 1557 ferrent,
353 1478 405 1561 qui
430 1479 553 1542 videtur
569 1500 630 1543 uon
650 1481 802 1542 nullorum
825 1502 896 1545 esse
912 1503 1011 1563 error,
1038 1483 1092 1548 sed
1106 1485 1184 1568 quod
1203 1485 1289 1567 vulgi

201 1602 372 1645 sermonem
391 1579 566 1644 retinebant
583 1591 615 1644 et
632 1590 667 1643 ut
681 1580 806 1663 greum
826 1596 987 1665 negarent.
1013 1585 1154 1650 similiter
1166 1589 1288 1650 locutus

201 1694 261 1759 est,
287 1694 321 1744 ut
337 1681 386 1745 vel
401 1681 605 1764 antiquissimi
625 1681 776 1745 sermonis
792 1683 842 1746 vel
855 1683 940 1766 vulgi
952 1687 1204 1746 consuetudinem
1219 1687 1286 1746 imi-

200 1794 329 1862 taretur,
351 1782 520 1866 Appuleius
539 1805 607 1847 cum
629 1782 709 1847 asini
728 1784 787 1848 1.7
810 1805 840 1868 p.
857 1791 917 1850 195
939 1781 1019 1847 Elm.
1045 1783 1081 1847 de
1095 1805 1190 1868 puero
1207 1784 1284 1847 dixit

199 1886 304 1950 nullus
326 1896 427 1950 tamen
449 1885 791 1950 desinebutidentidem
813 1887 925 1951 vulnus
943 1889 1098 1972 sanguine
1118 1886 1285 1950 delibatum

199 1987 379 2065 obtundere,
403 1999 435 2050 et
456 1987 477 2051 l.
496 1993 515 2051 8
538 2007 568 2070 p.
585 1994 648 2053 210
670 2010 712 2051 an
734 1989 819 2051 nulli
834 1990 923 2051 scitia
941 2009 1000 2074 quo
1022 1990 1089 2052 loco
1113 1989 1288 2053 consederi-

200 2093 264 2155 tir?
286 2089 357 2172 quid
376 2087 454 2169 quod
475 2086 573 2170 ipsum
590 2086 638 2151 M.
654 2087 790 2150 Tullium
810 2088 844 2151 in
861 2089 998 2172 epistolis
1015 2089 1094 2167 suis,
1119 2091 1171 2153 ubi
1190 2089 1288 2172 quoti·-

199 2192 320 2255 dianum
339 2210 509 2253 sermonem
532 2210 623 2274 saepe
649 2189 800 2273 sequitur,
831 2189 875 2252 ita
892 2190 1026 2253 locutum
1053 2210 1126 2253 esse
1157 2190 1285 2268 seimus,

198 2294 236 2357 ad
250 2292 318 2356 Au.
338 2301 390 2369 11,
406 2299 497 2369 aaa
526 2291 720 2357 Philotimus
733 2312 796 2355 non
812 2291 902 2376 modo
924 2292 1029 2355 nullus
1051 2293 1148 2366 venit,
1171 2293 1232 2355 sed
1247 2314 1288 2354 ne

193 2416 256 2481 per
274 2397 399 2458 litteras
421 2393 543 2478 quidem
559 2405 617 2458 aut
631 2415 692 2480 per
705 2395 850 2458 nuncium
872 2395 1032 2457 certiorem
1042 2394 1192 2478 flacitme
1211 2394 1290 2479 quid

180 2499 314 2582 egerit,
339 2495 388 2558 cui
406 2495 507 2578 specie
528 2496 626 2562 simile
649 2509 710 2576 est,
734 2517 768 2560 re
782 2495 850 2579 ipsa
863 2494 1018 2578 paululum
1034 2493 1136 2557 differt
1152 2502 1202 2572 14,
1217 2501 1249 2572 3,
1269 2504 1283 2558 1

203 2596 373 2662 Coroebus
387 2594 485 2658 Batti
502 2597 606 2661 trullus
627 2599 740 2662 oddae.
772 2607 803 2660 et
819 2598 899 2661 miti
914 2607 1021 2661 notum
1034 2617 1161 2660 nomen:
1186 2594 1286 2657 bellus

199 2703 279 2764 enim
301 2719 369 2762 esse
391 2698 509 2762 dieitur
531 2701 735 2776 architectus,
759 2698 810 2762 ubi
832 2699 1008 2785 scripserim
1030 2695 1167 2762 estatidt'
1176 2705 1282 2758 notum

199 2823 319 2866 nomen.
350 2799 426 2862 nihil
446 2800 547 2863 differt
567 2799 649 2863 inter
664 2800 720 2863 hoc
735 2812 766 2864 et
779 2798 863 2864 Livii
877 2803 971 2866 verba
985 2808 1039 2879 32,
1056 2807 1109 2877 35,
1124 2804 1145 2862 2
1165 2794 1281 2880 Philip-

194 2925 258 2990 pus
271 2903 377 2966 nullus
395 2921 525 2987 usquam
543 2923 600 2965 nec
615 2905 745 2965 nunm'nr
759 2902 799 2965 ab
815 2924 849 2964 eo
866 2926 928 2988 per
940 2905 1063 2988 aliquot
1078 2901 1174 2965 torar
1185 2899 1283 2962 venie·

200 3005 265 3081 bat,
291 3004 324 3067 in
345 3003 454 3085 quibus
475 3004 534 3069 etsi
557 3026 632 3069 vera
653 3025 723 3068 esse
747 3004 870 3067 videtur
887 3004 1007 3067 Dukeri
1026 3001 1195 3066 correctio=
1218 3019 1286 3061 nam

201 3107 280 3190 quod
303 3105 335 3167 in
357 3104 444 3166 libris
464 3105 528 3167 fere
550 3103 663 3187 legitur
677 3104 818 3187 Philippi
837 3103 959 3184 probari
982 3123 1044 3164 non
1059 3112 1161 3186 potest
1174 3100 1286 3179 deleta,

200 3219 235 3274 ut
253 3204 279 3272 Ι.
295 3204 322 3272 F
323 3228 352 3270 r.
372 3202 548 3270 Gronovius
571 3205 737 3290 praecepit,
752 3203 798 3275 ,ab
818 3204 1055 3287 praepositione,
1079 3203 1219 3286 quoniam
1231 3223 1290 3267 nee

201 3312 414 3395 particulama
438 3312 649 3396 coniungendo
672 3319 704 3374 et
731 3308 868 3392 negando
896 3308 933 3370 ad
952 3303 1166 3369 intendendam
1196 3325 1291 3390 nega·

202 3412 314 3475 tionem
341 3410 466 3473 Livium
498 3434 560 3473 non
588 3413 764 3474 traduxisse
794 3409 949 3490 praeclare
978 3402 1080 3463 docuit
1098 3400 1143 3463 N.
1167 3401 1292 3474 Madvi-

202 3513 272 3598 gius
294 3531 428 3576 excursu
448 3510 540 3574 tertio
562 3510 599 3571 ad
613 3507 681 3573 Cic.
704 3510 741 3572 de
761 3509 813 3571 fin.
838 3527 868 3589 p.
886 3511 1011 3570 821s.=
1036 3502 1090 3566 sed
1111 3503 1170 3567 etsi
1183 3527 1289 3573 veram

201 3627 275 3700 puto
296 3612 414 3679 Dukeri
437 3610 676 3689 correctionem,
708 3621 808 3674 tamen
833 3630 895 3672 nou
917 3605 1099 3671 dictumest
1120 3628 1287 3690 pronomen

203 3717 339 3782 adverbii
361 3715 596 3801 significatione,
620 3714 739 3781 sedita
756 3713 802 3778 nti
821 3734 877 3777 nos
900 3728 1018 3793 quoquc
1036 3708 1196 3792 loquimur,
1218 3714 1286 3775 ner·

200 3819 290 3907 gend
302 3820 353 3882 ein
369 3818 547 3902 Philippus,
571 3817 619 3882 bis
632 3819 720 3903 jetzt
736 3818 808 3879 dein
826 3810 1006 3874 cornutus.
1031 3812 1083 3874 sed
1099 3833 1166 3876 cum
1179 3815 1284 3878 adver·

203 3922 253 3987 bio
276 3920 417 4004 congruit
439 3920 518 4003 quod
545 3918 667 4001 scripsit
692 3914 802 3981 Cicero
831 3914 869 3976 ad
890 3914 957 3977 Att.
975 3920 1026 3992 15,
1039 3920 1080 3979 22
1103 3934 1162 4001 ego
1182 3922 1280 3979 autem

203 4025 321 4111 ecc-iprsi
339 4020 473 4086 semrom
494 4021 679 4096 adventare,
715 4039 776 4081 non
799 4038 857 4103 quo
877 4019 938 4082 iam
960 4016 1098 4092 adesset,
1132 4012 1189 4079 sed
1204 4011 1280 4096 qnia

205 4136 289 4189 certe
311 4124 347 4190 id
366 4130 480 4209 ageret
499 4121 539 4184 ab
559 4124 715 4206 omnisque
737 4119 840 4183 nullus
852 4118 1047 4195 discederet,
1070 4127 1103 4183 et
1124 4120 1172 4189 111,
1189 4117 1277 4190 211,1

204 4224 249 4291 ad
260 4224 310 4290 M.
327 4226 457 4290 Aelium
477 4223 583 4287 nullus
598 4231 632 4284 tu
653 4221 772 4307 quidem
787 4222 919 4297 demunt,
942 4220 1000 4284 sed
1011 4218 1112 4284 sicubi
1123 4213 1279 4279 inciderit.

203 4346 310 4393 verum
324 4326 465 4412 qnoniam
478 4325 511 4391 in
525 4323 580 4392 cae
596 4323 743 4390 orationis
758 4326 854 4391 forma
869 4322 977 4388 ιιιίιιιιιι
991 4342 1063 4388 esse
1076 4315 1234 4385 videbatur
1251 4327 1284 4383 et
