2746 4950
730 269 769 335 18

204 449 257 520 51,
272 447 328 520 -15,
342 449 385 519 61,
400 437 427 503 si
439 449 523 503 recte
538 439 667 518 conieci,
685 439 961 523 6666661161661,
980 449 1032 524 12,
1056 443 1146 510 Ultro
1160 469 1220 533 ego
1236 456 1294 529 62,

203 548 259 621 21,
275 541 371 606 Immo
385 542 477 604 etiam
492 546 545 615 67,
561 546 616 618 22,
643 538 704 603 Odi
716 551 747 604 61
760 563 829 606 amo
842 549 895 622 69,
914 551 952 610 19
965 571 975 608 a
998 546 1036 610 ab
1058 548 1296 632 elegantissimis

203 653 319 708 tantum
334 640 489 727 glyconeis
504 640 580 704 hanc
595 641 751 706 elisionem
764 644 895 708 exclusit
908 656 938 709 et
953 667 971 711 a
986 649 1135 733 sapphicis
1151 653 1296 718 carmini-

201 744 268 810 bus.
285 743 390 808 deinde
404 740 484 804 elisit
497 742 888 840 diphthongumda‘byssae
901 768 1015 812 arenae
1027 772 1057 834 p.
1068 758 1100 830 1,
1113 759 1163 830 15,
1178 753 1296 818 6111611-

200 845 322 931 'tesa'ere
343 844 415 907 lecit
435 843 653 928 monosyllaba,
678 856 708 909 16
724 844 823 910 adibit
841 867 870 931 p.
885 854 917 928 5,
940 855 991 929 10,
1007 850 1107 938 fagit
1127 862 1167 933 16,
1190 856 1297 940 inepte

203 955 237 1027 7,
250 954 311 1023 27,
339 944 476 1008 06666661
491 953 521 1007 16
536 944 606 1009 odia
620 952 653 1024 8,
669 952 724 1025 27,
745 955 825 1011 6116
839 970 900 1034 ego
915 960 998 1014 certe
1010 960 1063 1031 57,
1081 962 1134 1034 17,
1160 955 1240 1038 Quin
1257 968 1295 1021 16

201 1040 303 1111 editoe
318 1051 372 1123 70,
392 1051 444 1124 15,
466 1048 499 1108 ia
512 1067 546 1110 se
560 1046 656 1110 babet
674 1053 728 1125 76,
747 1054 800 1126 10,
824 1059 856 1113 61
874 1071 916 1115 ex
932 1073 1000 1116 mea
1016 1053 1133 1136 quidem
1150 1055 1293 1139 opinione

202 1167 284 1234 qaae
299 1156 331 1210 16
345 1147 504 1209 1116666
514 1149 580 1208 otta
591 1168 622 1230 p.
637 1155 670 1226 5,
687 1153 718 1212 9.
734 1148 860 1231 denique
875 1174 935 1216 non
951 1154 1077 1221 evitavit
1087 1156 1294 1222 molestiorem

201 1245 429 1326 aoaaupo'macv
440 1246 570 1310 intertia
579 1247 690 1332 dactyli
701 1248 830 1331 syllaba,
843 1250 1293 1343 Argaeatioinambalatabqae

200 1368 231 1434 p.
246 1356 279 1426 4,
296 1353 328 1426 o,
345 1346 473 1432 perdito
487 1368 592 1412 amora
605 1356 658 1426 71,
673 1353 727 1427 22,
737 1351 882 1433 placenti
893 1355 988 1422 babet
999 1366 1052 1438 72,
1067 1367 1121 1438 28,
1140 1340 1295 1424 61Α66161

199 1448 248 1514 tta·
257 1470 287 1535 p.
304 1455 357 1528 58,
374 1455 428 1527 21,
444 1449 471 1512 si
488 1460 572 1513 recte
586 1449 754 1533 suspicatus
770 1472 848 1519 snm.
866 1467 967 1540 potest
984 1459 1113 1525 fortasse
1126 1460 1216 1523 etiam
1230 1459 1292 1525 buc

198 1551 309 1616 referri
328 1548 405 1633 q'uod
425 1550 503 1613 dixit
524 1572 552 1634 p.
569 1556 621 1628 69,
644 1555 803 1617 adsentio
824 1566 857 1619 61
874 1562 1058 1624 6666661616
1085 1581 1250 1645 quanquam
1272 1584 1291 1624 o

199 1653 333 1718 litteram
345 1670 403 1734 qua
418 1650 513 1735 prima
526 1651 610 1715 verbi
626 1672 755 1735 persona
772 1655 950 1721 terminatur
966 1670 1035 1741 post
1050 1660 1173 1726 brevem
1195 1662 1290 1747 sylla-

79 1826 82 1832 ,
198 1753 269 1824 bam
285 1751 430 1837 corripuit
448 1749 585 1816 Catullus
597 1753 629 1816 in
642 1752 721 1819 dabo
737 1776 766 1839 p.
786 1763 818 1837 8,
842 1763 896 1837 21,
916 1759 950 1824 in
967 1761 1036 1825 oola
1058 1783 1086 1847 p·
1107 1770 1159 1839 11,
1183 1770 1211 1826 1.
1236 1771 1288 1828 16.

202 1862 255 1935 18,
272 1863 324 1920 17.
340 1859 393 1932 36,
413 1858 464 1932 10,
479 1863 522 1931 61,
536 1854 587 1919 ubi
604 1874 644 1919 ex
658 1857 807 1922 communi
817 1879 901 1924 more
913 1859 957 1942 lit,
979 1861 1012 1927 in
1027 1864 1129 1928 aerato
1142 1884 1171 1949 p.
1189 1871 1220 1942 1,
1236 1870 1285 1928 19.

200 1962 235 2038 a,
250 1962 304 2023 aa.
327 1961 382 2034 26,
398 1961 452 2020 26.
549 1966 551 1971 “

286 2055 363 2122 Post
375 2052 527 2120 Catullum
537 2054 682 2120 Horatius
697 2059 729 2122 in
741 2062 929 2128 sermonibus
942 2085 1004 2128 non
1014 2066 1106 2130 murlto
1116 2063 1289 2149 diligentior

198 2159 255 2225 tuit
269 2178 357 2241 quam
371 2167 458 2222 vetus
472 2157 632 2221 satirarum
646 2157 775 2242 scriptor
787 2156 940 2231 Luciliusz
954 2163 987 2226 in
999 2165 1144 2248 epistolis,
1162 2184 1285 2245 quarum

199 2259 288 2346 paulo
304 2259 493 2333 rotundiores
506 2269 577 2324 sunt
587 2257 721 2337 numeri,
739 2259 891 2343 aliquanto
904 2252 1135 2349 rarinslongam'
1147 2262 1286 2327 vocalem

198 2382 267 2427 cum
282 2361 368 2426 brevi
380 2362 541 2446 copulavit.
562 2359 688 2444 ascripsi
701 2363 853 2448 exempla,
877 2362 994 2433 Contra
1016 2364 1177 2430 61166661.
1202 2373 1232 2442 1,
1248 2370 1284 2441 2,

200 2468 255 2545 80,
272 2465 461 2553 6666116166
479 2473 509 2543 1,
528 2468 649 2543 6,112,
675 2461 756 2530 Vidi
768 2474 890 2551 egomet
910 2475 941 2548 1,
956 2473 989 2547 8,
1005 2472 1060 2547 23,
1084 2467 1189 2531 1116166
1200 2473 1287 2529 aeota

200 2587 280 2631 6666
293 2588 374 2631 ama
390 2574 421 2644 1,
439 2570 472 2642 9,
489 2571 543 2643 30,
569 2566 664 2646 Quali
674 2568 778 2649 a'ga‘tar
791 2573 824 2643 2,
846 2573 880 2645 2,
896 2575 950 2647 63,
972 2588 1069 2650 aequo
1083 2570 1185 2629 66666
1199 2572 1232 2640 2,
1250 2570 1284 2641 3,

202 2674 254 2748 16,
267 2689 345 2755 ergo
359 2665 460 2743 6112,
476 2669 509 2743 3,
529 2668 592 2728 220
611 2672 642 2726 61
654 2663 685 2727 in
702 2663 790 2727 initio
806 2684 913 2727 versus
929 2672 962 2740 2,
983 2670 1015 2738 6,
1033 2668 1083 2725 16.
1107 2667 1180 2740 106,
1201 2661 1289 2726 Diaei

199 2769 338 2855 equidem
352 2773 385 2846 2,
400 2774 432 2846 5,
448 2770 503 2844 23,
523 2763 646 2850 quando
660 2783 720 2848 ego
731 2771 764 2842 2,
781 2769 814 2840 6,
829 2768 882 2838 60,
898 2759 1003 2824 Sanno
1017 2762 1165 2843 6611612,
1180 2769 1212 2844 6,
1228 2773 1283 2843 71,

202 2867 333 2951 0666616
347 2869 394 2931 ita
405 2875 438 2944 2,
453 2874 486 2944 7,
502 2873 533 2944 5,
556 2862 680 2951 quaudo
695 2865 808 2927 tamon
819 2867 853 2937 2,
867 2867 900 2936 7,
917 2864 971 2937 69,
991 2858 1070 2926 Esto
1091 2865 1163 2929 otia's
1179 2886 1228 2950 ep.
1251 2875 1281 2943 t,

202 2977 233 3050 1,
247 2974 302 3048 81,
319 2967 395 3055 plats
414 2987 512 3054 aequo
529 2974 659 3052 operata
677 2971 709 3043 1,
728 2969 762 3041 2,
780 2965 834 3038 29,
857 2959 943 3024 demo
957 2971 990 3025 61
1003 2964 1076 3027 item
1089 2987 1184 3029 anam
1199 2974 1232 3045 2,
1249 2974 1280 3043 1,

199 3075 254 3147 16,
270 3080 410 3134 eatrmaa
424 3071 457 3132 in
469 3068 671 3143 Anesiates,
685 3070 719 3144 2,
735 3067 787 3128 69.
800 3061 1004 3148 monosyllaba
1018 3063 1215 3131 obscurantur
1224 3066 1281 3127 bac

200 3169 326 3235 elisione
351 3169 427 3252 apud
446 3166 603 3231 Horatium
622 3164 655 3227 in
673 3162 732 3243 tis,
758 3162 841 3245 Quid
855 3166 902 3228 611
915 3166 1017 3250 igitar
1031 3174 1090 3229 sat.
1107 3173 1136 3244 t,
1157 3172 1187 3243 1,
1206 3170 1277 3242 101,

200 3275 332 3359 macras
347 3279 431 3335 1666
443 3279 481 3333 61
503 3276 533 3348 1,
546 3273 580 3346 3,
593 3272 648 3343 22,
668 3263 895 3329 1666166116
914 3275 944 3331 16
957 3272 991 3346 2,
1007 3273 1109 3346 3,11,
1132 3265 1233 3331 sabito
1249 3277 1280 3330 16

199 3383 282 3459 agat
300 3380 334 3452 2,
355 3380 389 3452 7,
408 3378 463 3451 21,
487 3364 722 3456 praestolante
744 3369 837 3431 ettam
856 3387 902 3451 ep.
926 3375 956 3448 1,
972 3376 1004 3447 7,
1016 3374 1071 3447 24,
1094 3388 1224 3454 aequam
1238 3371 1283 3432 mi

199 3473 334 3536 6666666
354 3477 452 3551 1,18,
472 3476 541 3535 112.
564 3466 690 3549 deniqne
708 3467 741 3531 in
761 3467 864 3534 rdtima
884 3468 995 3553 dactyli
1015 3467 1133 3554 syllaba
1154 3469 1280 3536 eandem

199 3572 356 3654 elisionem
376 3592 437 3635 non
458 3569 585 3653 respuit.
608 3566 685 3631 dixit
706 3569 784 3632 enim
805 3570 923 3634 tantali
940 3578 1014 3654 eget
1028 3581 1088 3635 sat.
1115 3579 1146 3650 1,
1170 3581 1200 3649 1,
1224 3577 1277 3646 59,

200 3675 293 3739 anuto
308 3674 447 3762 equestri
458 3679 490 3750 2,
508 3679 541 3749 7,
556 3677 617 3735 536
641 3689 710 3732 nam
722 3669 779 3735 buc
792 3691 852 3734 non
866 3671 1018 3755 pertinent
1036 3691 1161 3755 occupo.
1179 3679 1216 3733 61
1225 3669 1279 3733 ille

199 3785 258 3840 661.
285 3783 316 3853 1,
336 3780 369 3852 9,
395 3780 427 3852 6,
450 3793 525 3836 curo
548 3781 582 3836 et
596 3792 675 3856 roga
695 3781 728 3835 et
748 3773 845 3836 661666
860 3772 1276 3853 6166666166.1,1,11,

200 3872 332 3941 Obsecro
348 3873 528 3937 6166166166
542 3880 573 3950 1,
592 3878 625 3951 7,
639 3877 691 3937 95.
704 3873 737 3936 in
752 3884 818 3937 arta
833 3869 963 3954 poetica,
978 3868 1036 3934 nisi
1051 3870 1120 3955 qnid
1131 3892 1180 3938 166
1190 3870 1276 3956 fugit,

198 3978 237 4043 ab
248 3977 330 4041 omni
346 3976 411 4040 eius
424 3975 503 4038 modi
517 3973 641 4038 elisione
656 3973 810 4038 abstinuit.
835 3969 957 4035 etiamn
974 3973 1167 4054 carminibus,
1180 3984 1214 4038 61
1224 3991 1279 4055 par

196 4089 275 4157 arat,
299 4096 366 4140 eam
381 4077 511 4143 6116666
523 4094 592 4138 6666
605 4075 732 4159 putavit.
756 4093 849 4156 quare
859 4083 910 4140 ter
927 4083 1042 4138 tantum
1058 4076 1222 4149 invenitur,
1244 4072 1276 4137 in

194 4171 277 4245 tertii
289 4178 358 4245 libri
374 4177 553 4244 carminibus
566 4186 672 4260 quarto
687 4184 719 4239 et
730 4173 844 4258 qrainto,
868 4195 944 4259 quae
964 4195 1060 4259 paene
1081 4177 1185 4241 eodem
1200 4183 1275 4237 tem-

192 4300 278 4367 pora,
296 4280 327 4348 b.
349 4301 391 4364 6.,
414 4292 447 4349 61
466 4277 596 4347 Carolus
620 4274 771 4341 Frankius
792 4273 915 4343 reiecn's
930 4275 1104 4363 vmgafibns
1124 4273 1276 4342 erroribm
