2746 4950
615 334 656 402 dl

184 507 286 594 ltaque
307 509 333 572 si
354 517 436 571 recte
457 506 668 592 disputavimus
696 517 727 571 et
754 507 828 571 nihil
849 526 904 570 nos
925 508 1010 592 ugit,
1049 509 1184 579 videmus

99 611 261 678 Pindarum
281 633 348 674 eum
369 609 530 674 insolentia
551 609 668 692 quidem
689 608 786 691 aliqua
808 610 954 674 sermonis
975 610 1028 672 καί
1041 611 1186 694 particula

100 738 160 779 non
182 735 330 798 nunquam
350 733 435 775 usum
456 733 536 790 esse,
566 732 621 775 nec
641 722 741 774 tamen
762 711 935 794 simpliciter
956 713 1113 777 traiecisse
1134 734 1186 778 co-

99 817 257 901 pulativam
271 814 455 898 particulam,
472 825 505 878 ut
516 811 621 877 Latini
636 823 742 899 poetae
757 822 788 876 ct
801 813 872 876 illud
883 814 1182 882 suum-traiecerunta

100 930 267 984 ceterorum
280 917 466 1000 antiquorum
482 927 635 1002 poetarum
649 916 760 979 nullum
780 915 936 979 traiecisse
957 918 1076 1002 reperio
1098 938 1186 1002 prae-

100 1032 148 1084 ter
162 1021 397 1098 Anacreontem,
411 1021 439 1083 si
453 1019 522 1084 Teii
534 1017 736 1082 Anacreontis
750 1017 931 1102 epigramma
946 1029 992 1081 est
1007 1020 1084 1102 quod
1099 1020 1183 1087 antlt.

99 1120 166 1186 Pal.
183 1131 212 1200 l,
233 1143 262 1206 p.
274 1128 335 1189 230
357 1122 477 1206 legitur,
506 1121 550 1183 ‘H
564 1118 616 1187 τὸν
638 1119 758 1199 θύρσον
774 1117 875 1204 έχουσ’
891 1118 1078 1195 Ἐλικωνιοίς,
1102 1127 1139 1185 αί
1153 1144 1186 1186 τε

98 1222 168 1310 παρ’
194 1221 285 1300 αὐτήν
306 1224 472 1300 Ξανθίππη
493 1221 617 1298 Γλαύκη
638 1220 661 1284 τ’
688 1222 717 1295 ἐς
733 1219 828 1308 χόρον
849 1219 1007 1308 ἐρχόμεναι
1024 1219 1078 1296 Ἐξ
1099 1220 1187 1307 ὄρεος

97 1329 239 1413 χωροῦσι,
255 1324 417 1407 ,Διωνύσῳ
445 1327 478 1386 δέ
501 1324 648 1408 φέρουσιν
664 1321 797 1394 Κισσὸν,
829 1325 882 1382 καί
901 1322 1065 1403 σταφυλήν,
1094 1326 1186 1390 πίονα

99 1430 150 1489 καί
163 1429 301 1511 χίμαρον.
326 1446 431 1488 verum
445 1433 545 1486 utrum
562 1422 632 1485 Teii
647 1432 754 1504 poetae
770 1421 870 1484 omnia
884 1423 943 1485 ista
964 1424 1025 1487 sint
1040 1427 1186 1509 epigram-

97 1541 180 1592 mata
203 1545 278 1608 quae
297 1525 329 1587 in
348 1524 532 1608 Anthologia
552 1522 738 1587 Anacreonti
757 1523 967 1602 attribuuntur,
992 1543 1088 1590 necne
1110 1527 1183 1607 sint,

98 1629 219 1693 multum
234 1627 353 1690 videtur
372 1648 463 1710 posse
486 1626 631 1691 dubitari:
655 1647 823 1709 quanquam
842 1627 946 1711 elegos
967 1626 1032 1691 eius
1055 1649 1186 1696 coronae

100 1753 175 1796 suae
191 1751 225 1794 se
239 1728 408 1793 intexuisse
421 1727 582 1815 Meleager
602 1728 644 1791 ait
661 1737 692 1807 1,
710 1735 750 1794 35
760 1749 787 1809 s.
827 1729 853 1792 si
877 1741 975 1793 autem
994 1730 1111 1794 traiecti
1134 1732 1188 1796 καί

99 1830 260 1917 copulativi
279 1831 391 1895 nullum
420 1843 534 1895 certum
555 1830 724 1915 exemplum
747 1831 823 1913 apud
844 1831 926 1895 illius
951 1832 1058 1896 aetatis
1079 1844 1184 1918 poetas

98 1933 257 2018 reperitur,
283 1942 315 1994 ut
337 1931 474 2014 equidem
494 1931 606 1994 nullum
627 1930 759 2013 repetire
780 1932 872 2012 potui,
898 1932 955 1995 hoc
975 1944 1058 1996 certe
1080 1955 1187 2017 poema

98 2037 135 2100 ah
153 2056 188 2098 eo
205 2032 432 2096 ahiudioandum
447 2033 516 2097 erit.
534 2030 724 2114 nequeenim
741 2030 896 2114 quicquam
908 2033 1078 2116 prodesset,
1090 2035 1185 2118 siquis

98 2145 285 2221 compararet
308 2134 383 2218 quod
405 2136 481 2219 apud
496 2133 658 2199 Homerum
673 2132 784 2216 legitur
795 2130 831 2195 ll.
853 2141 902 2211 18,
921 2141 1002 2212 589,¹
1018 2136 1188 2217 Σταθμοιίς

96 2263 129 2303 τε
148 2239 263 2311 κλισίας
278 2259 309 2298 τε
329 2236 518 2324 κατηρεφέας
538 2237 582 2298 ἰδέ
604 2233 725 2311 σηκούς.
757 2255 826 2298 nam
839 2235 965 2318 primunr
979 2236 1015 2300 de
1029 2236 1083 2298 καί
1092 2238 1186 2321 parti·

98 2343 166 2406 cula
178 2341 375 2423 disputamus,
400 2326 460 2402 non
477 2338 514 2402 de
530 2336 580 2400 ἰδέ
592 2337 663 2400 illo:
696 2335 803 2400 deinde
815 2336 911 2421 ipsum
926 2358 1043 2422 qnoque
1059 2339 1116 2402 hoe
1132 2364 1187 2404 κα-

97 2440 247 2528 τηρεφέας
265 2439 309 2499 ἰδέ
330 2438 441 2515 σηκοὺς
461 2440 628 2503 insolenter
648 2439 829 2515 dictumest,
852 2451 887 2501 ut
901 2441 937 2504 de
955 2440 1083 2503 traiecta
1094 2441 1186 2525 parti·

100 2542 167 2608 cula
184 2537 328 2605 assentiri
347 2538 477 2603 dubitem
498 2551 530 2604 et
548 2539 615 2604 aliis
636 2550 668 2602 et
687 2535 713 2601 Ι.
731 2536 771 2601 H.
788 2537 917 2620 Vossio,
947 2542 984 2605 ad
1004 2541 1035 2605 lt.
1056 2541 1089 2605 in
1108 2539 1182 2609 Cer.

98 2667 128 2731 p.
147 2652 204 2712 60:
230 2641 330 2727 quidni
343 2641 424 2706 enim
442 2642 631 2731 κατηρεφέας
650 2641 707 2705 dici
722 2652 861 2726 putemus
876 2643 992 2718 κλισίας
1005 2655 1058 2707 aut
1071 2645 1187 2730 pariter

99 2743 254 2824 σταθμούς
269 2755 300 2808 et
315 2746 430 2816 κλισίας
445 2756 475 2809 et
491 2744 601 2822 σηκούς
614 2745 727 2807 etiam?

186 2843 249 2909 Sed
265 2845 335 2918 τούς
348 2847 509 2930 νεωτέρους
522 2868 595 2930 qnos
610 2847 711 2909 dicunt
723 2845 881 2910 traiecisse
895 2866 956 2909 non
972 2867 1120 2930 uunquam
1134 2850 1188 2912 καί

97 2944 273 3034 particulam
289 2958 378 3010 antea
391 2945 568 3030 significari.
591 2946 635 3008 ita
653 2947 732 3009 enim
747 2947 839 3010 locuti
860 2958 932 3012 sunt
945 2946 1113 3033 Dionysius
1133 2971 1184 3034 pe·

98 3050 229 3135 tiegeles
247 3054 308 3114 538
317 3068 360 3125 5.,
383 3048 482 3108 Κεῒθι
494 3047 603 3118 Μελας
615 3049 668 3108 καί
683 3046 793 3119 κόλπος
808 3046 853 3128 ἐφ’
866 3048 1079 3124 Ἐλλὴςιιονιον
1092 3038 1184 3130 ἵησιν,

95 3149 215 3238 Ἀφρόν
234 3147 437 3235 ε’ρευρόμενος,
463 3143 618 3233 Oppianus
641 3148 833 3232 qui-vocatur
847 3171 918 3237 cyu.
936 3157 968 3228 3,
984 3156 1047 3217 att
1059 3172 1103 3230 s.,
1125 3155 1187 3216 At-

98 3253 199 3332 γείδην
227 3254 334 3327 Θησῆα
362 3249 413 3311 καί
430 3250 579 3326 Αἰολίδην
595 3247 788 3329 Ἀθάμαντα,
815 3249 948 3311 Ἀτθίδα
969 3253 1022 3312 καί
1038 3249 1187 3337 Πρόκνην

98 3353 151 3415 καί
178 3349 326 3436 Θρηικίην
350 3348 533 3429 Φιλομήλην,
557 3349 704 3414 Manetho
720 3357 750 3427 8,
772 3357 842 3414 188.
859 3347 959 3412 ’Όοοα
978 3350 1034 3432 μὲν
1054 3348 1187 3428 ἀλλήλων

99 3453 194 3526 οἴκοις
214 3451 346 3514 τελέουσι
363 3449 519 3538 βρότοισιν
528 3449 669 3538 Ἀοιέρες
680 3449 787 3533 Ἠελίῳ
800 3473 832 3513 τε
844 3450 1067 3538 πυριπλήθονιι
1081 3451 1187 3519 aaut*

97 3576 156 3629 τες,
176 3550 315 3616 Ὁππόσα
333 3554 384 3614 καί
407 3555 518 3638 κεραῆς
538 3553 687 3635 συναφαῖς
705 3552 845 3636 τεύχουσι
863 3552 1009 3631 Σελήνης,
1036 3553 1089 3618 Ἐν
1109 3579 1186 3643 προ-

97 3655 199 3743 τέραις
220 3654 368 3717 σελίδεσσι
385 3653 450 3735 μάλ’
475 3652 623 3739 ἀτρεκέως
645 3656 803 3729 κατελεξα·
835 3658 909 3717 Νῦν
931 3656 969 3717 δέ
984 3667 1114 3740 et'quae
1135 3677 1186 3723 ee·

98 3766 242 3839 quantur.
281 3756 385 3822 eodem
406 3755 550 3841 pertinet,
575 3755 688 3838 dequo
707 3754 901 3821 Hermannns
927 3757 1004 3820 dixit
1022 3779 1127 3843 opusc.
1150 3767 1183 3841 o,

101 3862 175 3934 tor,
211 3858 368 3924 traiectum
393 3856 617 3923 aManethone
641 3858 695 3921 καί
714 3880 758 3933 τε,
786 3865 820 3938 a,
841 3866 905 3924 184
920 3877 963 3937 s.,
999 3857 1103 3941 ἀγαθὴ
1133 3861 1186 3923 καί

98 3956 243 4040 ὕπείροχα
262 3957 336 4045 ἔργα
352 3961 490 4047 φέρουσα
504 3960 643 4034 Μείζονα
666 3957 754 4021 καίν’
770 3957 885 4046 aptant
902 3956 993 4040 o'tyo'td
1009 3957 1187 4047 ἀνθρώπως

99 4056 257 4140 ἀνέφηνεν,
280 4073 312 4124 et
329 4069 360 4140 8,
381 4068 456 4141 381,
480 4062 595 4124 Ἐἴκελα
620 4061 675 4125 καί
698 4058 721 4122 τ’
753 4057 855 4134 ἄλλαις
884 4060 1113 4147 ε’κιμαρτυρίαις
1139 4082 1187 4125 νε-

99 4158 227 4224 λέουσιν.

182 4257 349 4347 Praecipue
372 4274 474 4328 antem
496 4261 743 4348 epigrammatum
766 4262 933 4347 scriptores
953 4260 1098 4328 videntur
1124 4285 1187 4353 non

98 4380 247 4447 nunquam
261 4365 315 4428 καί
328 4377 397 4452 post
411 4365 529 4431 initium
544 4366 698 4430 enunciati
711 4366 892 4430 collocasse.
906 4384 1001 4432 unum
1017 4358 1189 4455 example,
