2746 4950
1136 244 1142 273 ,

608 298 652 367 c
1118 282 1138 391 ι

92 485 227 550 eiusdem
252 479 443 563 Crinagorae
468 474 576 552 haece,
599 479 632 550 9,
658 477 721 536 ast
758 466 914 533 Μουσέων
934 464 992 530 ἀλλ
1017 467 1066 529 ἐπὶ
1087 468 1173 555 δῶρα

90 587 240 671 μετέρχεο
261 591 294 661 9,
320 587 382 648 559
418 577 484 640 Σύν
510 577 542 639 τί
565 598 619 656 μοι
646 569 732 645 ἀλλά,
769 571 925 645 Mabtmts,
955 567 1045 652 λάβεν
1073 570 1172 650 φιλας,

90 684 244 751 Gaetulici-
255 693 287 763 5,
300 692 344 749 1“7
371 679 486 766 Οὕριος
506 676 564 743 ἀλλ’
581 673 783 754 s'ru'icututoa⁷
767 676 829 752 anai
843 674 895 734 aei
909 669 1000 758 ἔρωτι
1020 673 1072 733 καὶ
1086 675 1170 752 ἱστῷ,

88 789 217 852 Antonii
241 785 341 851 Thalli
363 793 396 862 7,
420 789 479 847 188
517 776 610 841 'Adida
629 775 707 847 τεοῖς
727 774 895 854 &eiciamus
914 772 1097 855 γαμοστόλος
1118 771 1173 858 οὐχ

85 889 253 971 Ὑμέναιος,
280 884 357 949 Οὐδ’
373 884 470 972 Ἤρης
482 881 582 964 ζαρίης
596 874 749 958 λαμπάδες
760 874 917 951 ἠντίασαν,
938 875 1100 956 Πε1θιμος
1111 873 1170 939 ἀλλ’

84 990 192 1065 Ἀίδης
205 987 406 1068 ἐπεκώμασεν.
429 985 604 1070 praeiverat
610 977 840 1044 Alexandrinus
855 985 944 1059 poeta
953 973 1170 1057 Callimachus,

89 1092 177 1156 ouius
201 1092 278 1154 duos
302 1109 412 1154 versus
433 1085 536 1150 attulit
556 1082 764 1158 Romaanus,
793 1080 826 1143 h.
846 1078 879 1142 in
902 1075 968 1142 lov.
988 1086 1026 1144 18
1056 1079 1173 1144 Λάδων

89 1191 147 1255 ἀλλ’
166 1190 249 1254 οὔπω
261 1189 480 1275 μίγαςὲρρεεν,
505 1185 573 1251 οὐδ’
586 1181 793 1272 Ἐρύμανθος,
809 1181 953 1265 eleplgr.
972 1189 1003 1259 5,
1022 1189 1058 1246 11
1081 1187 1173 1244 Kta-

88 1295 153 1356 νίου
167 1291 489 1378 ἀλλᾶαθυγατρὲδίδου
503 1287 603 1374 χάριν.
635 1288 711 1349 addo
728 1284 961 1348 tertiumhssm
981 1281 1170 1351 11518023.

91 1393 171 1456 Οὔτε
190 1394 342 1469 σιωπηλὴα
364 1391 423 1454 οὔτ’
448 1388 594 1469 ἅψοφον
626 1377 714 1458 οὖλος
730 1384 867 1469 ἐθείραις
873 1381 1024 1468 Ἕσπερος
1037 1384 1096 1448 ἀλλ’
1113 1385 1175 1450 aial

87 1494 312 1574 concredidisse
328 1488 526 1572 ἀμφιβόητοα.

172 1590 279 1675 ltaque
301 1592 392 1656 etiam
414 1617 465 1654 και
461 1591 645 1676 'particulae
669 1588 879 1653 traiectionem
899 1586 937 1650 'ab
951 1586 1172 1653 Alexandrinis

88 1693 187 1778 poetis
203 1695 372 1778 sumpsisse
385 1692 730 1779 epigrammatograpbos
746 1692 819 1755 mibi
833 1691 952 1775 quidem
967 1691 1112 1756 credibile
1126 1691 1173 1757 vi·

87 1799 213 1861 deretur
230 1797 349 1861 etiamsi
370 1798 454 1861 nulla
478 1797 566 1859 bodie
588 1797 620 1858 in
640 1794 861 1859 Alexandrinis
880 1793 1063 1856 carminibus
1083 1794 1172 1858 buius

86 1899 134 1960 rei
154 1899 369 1962 invenirentur
387 1897 543 1978 exempla:
568 1907 641 1979 puto
662 1907 763 1959 autem
778 1894 922 1958 inveniri.
946 1895 1001 1957 sed
1015 1895 1062 1956 bio
1076 1914 1172 1975 paene

88 1999 251 2061 reformido
275 1998 528 2080 disputationem,
559 2017 627 2060 cum
649 1995 827 2060 acutissimo
847 1994 915 2056 viro
935 2003 967 2056 et
988 1993 1040 2075 qui
1063 1993 1097 2056 in
1115 1993 1172 2056 bod

87 2101 253 2164 carminum
272 2121 386 2184 genere
408 2098 561 2162 habitabat
581 2098 728 2162 assentiri
747 2118 809 2160 non
836 2094 963 2180 possim,
993 2094 1173 2158 dissentiam

85 2213 185 2268 autem
203 2204 239 2267 ab
254 2225 292 2267 eo
305 2203 349 2267 ita
365 2212 399 2265 ut
412 2201 573 2264 inlubrico
587 2200 766 2283 quaestione
779 2197 851 2262 mibi
864 2197 931 2281 ipse
943 2195 1067 2260 minime
1082 2198 1173 2261 satis·-

85 2305 204 2384 faoiam‚
228 2307 283 2369 sed
297 2305 435 2368 diffidam.
458 2302 621 2388 Augustus
642 2303 721 2365 enim
737 2296 1106 2365 FerdInandusNaekius
1121 2321 1172 2372 oa-

86 2405 249 2486 pubativam
261 2407 504 2470 coniunctionem
516 2416 586 2488 post
597 2403 776 2487 principium
789 2400 943 2466 enunciati
956 2401 1085 2484 positam
1101 2422 1172 2471 esse

86 2525 105 2567 a
124 2502 310 2571 Callimacho
327 2508 464 2591 graviter
486 2506 612 2590 negavit
632 2503 764 2570 Hecales
787 2504 885 2588 capito
905 2510 925 2569 3
954 2507 1049 2586 (mus.
1066 2501 1169 2571 Rhea.

86 2627 115 2670 a.
128 2615 210 2674 1831
225 2631 255 2693 p.
268 2611 344 2690 579)
360 2619 392 2673 et
404 2609 539 2673 antea-in
554 2608 772 2672 dissertatione
783 2606 889 2671 critica
903 2626 991 2689 quam
1006 2605 1173 2672 de'l'uetaia

86 2719 120 2772 et
133 2707 318 2775 Callimacho
340 2711 465 2796 scripsit
485 2712 600 2794 (annal.
617 2710 789 2774 academiae
801 2706 988 2775 Berussieae
1003 2706 1171 2783 Rhenanae

90 2818 104 2873 1
124 2831 153 2894 p.
165 2815 252 2890 101).
276 2834 383 2876 rerum
398 2814 430 2874 in
446 2814 513 2895 ipso
528 2815 589 2876 isto
605 2809 782 2876 Callimachi
795 2834 890 2877 versu
905 2813 941 2877 de
956 2832 1014 2894 quo
1028 2810 1171 2878 Naekius

86 2911 253 2994 disputavit
269 2935 331 2977 non
346 2925 452 2979 tenere
468 2914 587 2997 quidem
601 2935 666 2977 rem
681 2914 752 2977 mibi
766 2914 885 2991 videor,
907 2914 962 2976 sed
981 2923 1050 2996 post
1069 2915 1170 2978 multi·

85 3011 194 3094 plicam
222 3015 436 3097 cogitationem
457 3026 566 3078 tamen
582 3016 716 3077 recurrit
736 3014 808 3076 mibi
829 3033 951 3096 semper
968 3016 1098 3078 traiectu
1120 3017 1173 3079 καί

85 3114 244 3196 particula.
269 3117 306 3181 de
321 3114 401 3179 Delo
423 3115 524 3178 insula
536 3112 739 3180 Callimachus
754 3115 797 3178 ita
813 3113 949 3197 loquitur
961 3135 997 3179 .v.
1016 3123 1052 3182 11
1064 3135 1124 3193 ιιι,

170 3219 265 3293 Kaira
288 3217 321 3279 d
344 3216 512 3296 ἠνεμόεσσα
534 3219 587 3279 καὶ
607 3215 741 3302 ἄτροφος
762 3216 813 3280 οἷα
833 3215 865 3277 θ’
890 3216 1049 3292 abactis,

166 3318 272 3377 Atho!
270 3343 306 3403 ης
328 3319 381 3379 uoti
400 3323 512 3398 μαλλον
532 3315 730 3403 ἐπίδρομος’
713 3317 805 3401 acteo
827 3321 940 3390 ἵπποις,

167 3415 317 3502 Πόντῳ’
300 3417 513 3504 ιαεσιήριαται.
1152 3460 1155 3467 ·

84 3519 116 3581 iu
131 3516 361 3604 111ήεάτροιιος
375 3519 537 3604 legitum'
515 3541 651 3606 ατροφος
664 3521 825 3584 inuentum
840 3531 891 3584 est
902 3541 921 3583 a
932 3517 1123 3597 lblonfiebdio
1138 3538 1170 3592 et

84 3621 302 3686 videturesse
327 3624 532 3687 verissimum.
559 3622 765 3688 Valckenario
793 3633 897 3686 autem
918 3623 1014 3708 (eleg.
1044 3622 1168 3691 calum

84 3741 116 3803 p.
130 3727 274 3808 mss),
299 3746 349 3808 qm
340 3725 443 3790 bio
428 3745 546 3809 quoque
563 3744 708 3789 resecare
717 3724 840 3787 volebat
852 3737 929 3808 quoe
942 3725 1066 3790 uolebat
1078 3727 1169 3792 intel·

84 3821 200 3904 legere,
234 3827 410 3892 rectissime
431 3826 573 3892 Naebins
592 3824 761 3890 oblocutus
774 3836 834 3904 est.
846 3858 850 3879 ι
863 3827 950 3892 :vidit
971 3826 1063 3906 euim,-
1088 3828 1168 3913 quod

83 3924 276 3990 manifestum
297 3944 366 4010 est,
384 3932 474 3995 mala
494 3931 595 3995 omnia
614 3930 652 3993 de
668 3927 751 3993 lbelo
771 3927 871 3994 inmla
891 3929 1076 4013 praedicari,
1107 3935 1167 4014 qab

83 4045 177 4108 grave
198 4028 295 4111 magis
317 4043 407 4115 atquc
428 4032 601 4101 admirabile
623 4043 709 4096 esset
724 4033 810 4115 quod
825 4033 934 4096 deinde
948 4030 1165 4110 subiieamm

82 4125 165 4191 inter
177 4129 463 4214 principes-insulas
478 4132 529 4197 vob
542 4128 705 4217 pumipcu
718 4134 854 4198 omnium
867 4133 1021 4198 numerari
1035 4130 1166 4199 insulani

81 4228 173 4293 vilem
194 4250 251 4316 per
268 4252 317 4310 se,
346 4232 400 4296 sed
413 4232 568 4318 'rbpblbinis
588 4235 740 4301 naulibns
759 4236 883 4300 claram.
921 4236 1070 4319 sed-quod
1083 4230 1166 4311 add'n

82 4325 222 4398 Nacbrius
243 4336 298 4397 αα1
318 4333 491 4420 significare
511 4338 604 4400 etiam
625 4349 658 4402 et
671 4359 740 4402 oum
755 4341 866 4416 μᾶλλον
879 4336 1024 4402 adverbio
1038 4339 1164 4404 comm·-
