2746 4950
649 193 693 263 so

131 370 324 459 uenerem.
340 363 850 458 guenet-euenerunt·
862 361 1231 434 innumerorum

132 472 180 540 bis
203 473 247 538 ita
263 492 337 539 usus
359 480 407 535 ost
429 479 464 534 ut
484 466 531 532 rei
548 467 581 531 in
595 489 655 552 qua
669 468 728 532 duo
743 476 850 531 essent
869 466 985 530 similes
999 485 1231 534 eomnenrora·

134 575 246 642 tionem
262 574 387 640 adderet
402 568 519 656 ptriter
537 581 628 655 ιιιιιιιο
648 571 682 635 in
702 568 814 655 gemini
832 566 980 632 voenbnlo
996 563 1119 632 Cieero
1143 571 1231 652 feeit,

134 687 340 762 nequetamen
347 672 706 758 negenddesoribendam
714 671 877 757 perlectam
886 668 1123 734 similitudinem
1132 670 1232 755 ipsam

134 779 215 846 illum
227 797 333 842 voeenr
345 794 400 860 per
417 793 453 840 oe
472 775 610 841 suldoere
626 794 730 861 posse,
760 794 849 858 quem
871 772 909 835 ed
927 771 1051 835 modum
1066 769 1233 841 Martialis

137 887 189 959 12,
202 884 256 958 tt,
275 884 313 945 12
331 876 462 944 uniones
484 876 558 942 dioit
566 878 730 963 formosos
744 877 850 942 mooe
858 894 958 961 poree
968 875 1152 959 gemellos:
1178 881 1232 944 sed

134 980 166 1046 in
181 976 295 1047 Catulli
308 999 403 1048 versu
416 998 478 1044 non
492 979 603 1044 suffieit
613 989 775 1064 propterea
790 977 869 1061 qnod
887 974 969 1039 istud
986 977 1132 1059 gemelli
1151 985 1233 1046 ιιιηὶ

134 1101 194 1170 qoe
209 1100 309 1168 neque
330 1079 518 1165 singularum
534 1079 765 1145 similitudinum
780 1075 1003 1143 enumerationi
1019 1079 1232 1160 praemisso·

135 1195 197 1265 est,
230 1195 263 1250 ut
280 1181 448 1269 generatim
471 1181 591 1267 speeies
613 1179 900 1267 ebmprebenderetr
924 1197 1024 1262 neque
1044 1181 1163 1246 eadem
1184 1206 1233 1250 ra·
1282 1192 1283 1199 ’

136 1285 218 1352 tione
240 1282 370 1372 positum
390 1284 423 1350 in
443 1284 515 1364 bne,
540 1284 594 1350 sed
613 1282 818 1350 intermistum
837 1303 899 1346 non
921 1281 998 1345 satis
1013 1298 1234 1366 oongmenm

136 1386 278 1475 singulis.
303 1386 445 1453 similiter
465 1407 526 1451 ooo
544 1385 720 1462 intentato,
742 1383 786 1448 ita
808 1384 920 1448 dietum
933 1393 968 1447 nt
983 1403 1039 1467 per
1051 1403 1088 1448 se
1104 1400 1235 1456 eonem

137 1489 309 1568 sententia,
346 1487 420 1553 ferri
438 1506 500 1551 non
521 1505 614 1570 posse
640 1484 795 1550 existimo.
827 1505 895 1550 nem
920 1485 998 1568 qnod
1012 1480 1143 1552 Caesar
1165 1512 1234 1556 eum

136 1586 294 1655 Mnrnurro
312 1607 372 1652 uno
389 1586 420 1652 in
442 1586 555 1653 teotolo
574 1583 798 1670 requiescebat,
827 1585 858 1649 id
873 1588 1104 1651 eommemorari
1128 1594 1235 1675 potuit

137 1698 277 1773 teuqrroru
298 1698 509 1772 argumentum
530 1686 667 1752 ueritatis
690 1696 722 1752 et
741 1685 905 1766 amicitiae,
935 1708 997 1752 non
1020 1689 1124 1772 potuit
1146 1694 1235 1761 inter

136 1810 245 1857 oeneus
261 1790 371 1857 referri
386 1810 442 1856 our
456 1787 576 1875 utrique
590 1789 694 1873 pulore
705 1789 896 1855 eonveniret.
920 1810 982 1854 non
995 1791 1166 1859 debuerunt
1178 1800 1232 1882 qui

137 1893 305 1961 ιιιιιιὶιιιιιιιι
331 1891 421 1959 aliter
450 1891 639 1957 oonlormare
659 1893 786 1958 vellent.
825 1903 916 1975 etque
940 1891 1078 1956 Aebilles
1103 1897 1229 1978 quidem

138 1993 257 2065 Statius
273 1995 387 2062 lruttra
403 2003 434 2060 et
447 2002 481 2059 ut
495 1992 695 2058 didioultatem
710 1992 793 2058 illam
807 2014 869 2058 non
885 1994 1016 2058 sentiret
1030 1996 1226 2066 seribendum

137 2116 208 2162 etue
227 2094 359 2159 oouieoit
379 2091 556 2158 Uiaideotuli.
586 2093 679 2158 multo
700 2093 808 2158 melius
831 2105 880 2159 est
891 2092 1022 2175 Mureti,
1042 2108 1076 2161 ut
1089 2100 1218 2181 videtur,

137 2195 308 2274 irtveoturu,
336 2190 402 2259 Uno
423 2193 456 2257 in
474 2191 580 2258 todeslo
601 2192 753 2258 erudituli
768 2193 870 2272 ambo,
893 2217 992 2281 neque
1007 2199 1134 2284 absurde
1147 2199 1217 2268 Bal·

21 2384 25 2395 ,
137 2294 243 2364 theson
260 2294 398 2363 Venator
418 2294 492 2361 tollo
514 2292 611 2379 inquit
634 2293 861 2362 distrbotionem
878 2300 1039 2386 volgatum
1062 2314 1096 2367 et
1108 2326 1218 2371 meotes

137 2399 185 2467 tio
201 2398 316 2475 selide,
335 2397 400 2466 Urio
417 2398 449 2465 in
464 2398 575 2464 teotolo
588 2398 740 2464 erudituli
750 2400 850 2466 ambo.
875 2403 992 2468 alludit
1001 2407 1081 2468 enim
1097 2409 1225 2496 adpro-

137 2499 287 2573 oeubium,
323 2498 390 2564 Uno
410 2501 442 2564 in
465 2500 538 2565 ludo
560 2500 671 2565 edenti.
703 2499 772 2564 uult
790 2505 869 2566 enim
886 2506 963 2567 istos
975 2506 1059 2569 ‘duos
1078 2530 1148 2573 esse
1163 2534 1231 2596 per

139 2600 242 2669 omnia
250 2619 349 2687 peres
364 2608 398 2666 ot
409 2620 473 2665 unu
487 2602 585 2665 itooee
596 2601 629 2664 in
642 2600 769 2665 eandem
781 2603 919 2668 sobolem
938 2609 1096 2692 aequitiae
1119 2621 1150 2674 et
1170 2617 1233 2679 ἰηι.

133 2700 318 2790 probitatis.
343 2721 449 2767 verum
471 2699 612 2766 erudituli
630 2702 808 2768 vocobulum
830 2705 927 2772 forma
944 2707 1139 2790 deminuere,
1170 2719 1233 2782 sed

139 2800 361 2887 signifieatione
391 2801 553 2888 ριιιίιιίιιίἰ,
577 2825 638 2869 non
659 2804 813 2884 admetiri,
838 2807 960 2888 dietum,
985 2812 1124 2894 quonium
1147 2814 1231 2882 haud

140 2902 251 2990 exigua
264 2913 314 2970 est
327 2902 476 2969 orationis
489 2904 665 2986 insolentia,
676 2928 738 2973 non
754 2908 944 2975 attribuerim
953 2908 1085 2986 Catullo,
1103 2914 1131 2975 si
1146 2915 1228 2980 forte

139 2998 200 3069 alia
212 3004 332 3070 notione
351 3005 400 3069 bio
415 3026 525 3070 verane
544 3009 692 3090 explicari
707 3011 817 3091 possit.
841 3010 937 3071 nihilo
949 3021 1048 3068 emen
1060 3007 1160 3065 minus
1176 3011 1225 3070 in·

140 3101 380 3191 terpunetionem
403 3103 565 3167 tollendam
585 3114 618 3169 et
636 3115 796 3189 utrumque
819 3123 942 3168 versum
965 3103 1010 3167 sio
1030 3100 1225 3170 scribendum

141 3227 212 3274 esse
228 3204 384 3288 existimo,

306 3307 453 3376 Morboai
465 3311 603 3395 pariter,
627 3310 735 3375 tenelli
753 3311 888 3396 utriqeeo,

185 3432 188 3437 ·
310 3408 376 3472 Uno
397 3413 432 3472 in
453 3410 565 3471 lectulo
588 3411 741 3474 meinati
759 3411 858 3474 ambo.

143 3509 272 3577 tenellus
285 3518 372 3574 reete
384 3507 581 3595 appellabitur
594 3507 763 3593 Mamurra,
786 3533 874 3598 quem
890 3509 1031 3581 Catullus
1043 3517 1228 3582 earminezb

142 3618 187 3699 (p.
206 3620 258 3691 ιιι,
287 3613 397 3697 tiss.)
432 3611 564 3681 omnium
584 3613 694 3682 oubilia
713 3615 922 3702 perambulare
944 3618 1018 3682 diois
1042 3628 1077 3680 ιιι
1096 3615 1227 3680 albulum

143 3713 342 3781 oolombnlum
357 3726 412 3783 aut
423 3715 597 3782 Adonenm.
622 3730 720 3802 noque
734 3720 836 3784 minus
852 3718 918 3801 ipse
932 3715 1050 3782 Caesar
1062 3718 1119 3781 boe
1133 3721 1231 3783 nomi-

102 3835 104 3842 ⁴
144 3839 183 3884 ne
202 3817 371 3902 vituperari
396 3842 414 3885 a
435 3829 525 3904 poeta
545 3831 681 3905 poterat:
705 3841 775 3883 nam
796 3816 962 3884 Caesarem
984 3820 1067 3886 eirea
1093 3822 1230 3906 eorporis

144 3942 248 3987 euram
273 3922 322 4006 (ut
342 3918 485 4006 Suetonii
503 3922 607 3986 verbis
626 3931 698 3987 utar
715 3918 809 3986 Caes.
826 3920 884 4003 db)
910 3922 1109 3988 morosiorem
1133 3923 1230 3988 fuisse

146 4033 278 4103 constat,
301 4033 416 4088 utnon
434 4023 531 4088 solum
552 4023 734 4088 tonderetur
745 4022 909 4108 diligenter
925 4045 961 4089 ee
977 4027 1150 4102 raderetur,
1176 4025 1230 4088 sed

145 4126 314 4193 velleretur
328 4125 430 4203 etiam,
447 4135 483 4190 ut
498 4123 618 4208 quidam
633 4126 907 4210 exprobraverunt.
925 4128 1033 4216 καίπερ
1046 4124 1233 4213 παρηβηκώς

148 4227 177 4300 ἐς
199 4226 306 4305 κάλλος
325 4225 425 4304 ἤσκει,
457 4237 492 4292 ιιι
511 4226 556 4292 ait
568 4223 698 4294 Gratius
713 4226 775 4294 Dio
788 4236 842 4308 dd,
859 4236 911 4296 db.
935 4233 972 4316 τῇ
992 4253 1023 4294 τε
1042 4227 1102 4312 γὰρ
1124 4226 1233 4301 ἐσθῆτι·
