2746 4950
658 251 701 317 tt

138 420 218 485 euim
231 439 273 484 ex
286 419 427 504 unuquae
447 417 601 484 sumendi
616 421 848 487 consuetudinis
863 422 1083 488 recordatione
1099 427 1240 493 maxime

137 519 352 587 Lachmanuus
372 521 404 585 in
425 516 539 586 Catulli
565 524 749 588 carminibus
772 525 902 588 fructum
926 525 1043 608 ceperit
1067 547 1137 590 non
1162 551 1238 614 opus

138 636 189 689 est
201 641 445 689 commemorare.
479 624 534 688 sed
556 637 626 689 utar
645 626 701 690 hae
717 627 876 690 occasione
890 638 924 691 ut
939 625 1086 691 similiter
1104 625 1238 694 Cicero·

137 728 187 791 nis
201 725 344 809 quaedum
361 722 457 789 verba
479 729 646 791 emendem.
677 749 746 792 uam
763 729 845 792 iuter
860 729 999 813 exempla
1011 738 1046 791 et
1061 730 1236 812 particulae

137 849 192 914 pre
214 847 251 891 eo
269 826 348 909 quod
368 826 480 891 dieitur
499 831 593 893 etiem
617 827 801 894 aCieerone
814 831 930 914 positae
948 831 1139 897 referuntur
1162 835 1235 901 haee

137 949 179 994 ex
194 927 330 992 oratioue
347 925 532 994 Cluentiano
553 933 621 1012 (42,
641 934 730 1014 117),
763 934 859 996 edenti
878 941 910 996 et
919 933 1072 1018 plerique
1093 911 1235 1002 oestrum

136 1030 252 1105 nnbat,
277 1041 365 1114 atque
379 1052 420 1095 ex
435 1031 512 1095 libro
528 1032 565 1095 de
577 1033 753 1097 inventione
768 1034 866 1101 altero
886 1033 933 1119 (2,
949 1034 984 1117 7)
1004 1036 1101 1099 meuc
1114 1047 1147 1100 et
1171 1041 1236 1124 e‘pse

136 1134 225 1197 euius
240 1134 385 1196 medente
398 1134 607 1219 sequebantur
616 1133 759 1217 ficeret.
784 1156 846 1199 nou
859 1133 982 1199 invenio
1004 1137 1114 1201 sicuti
1134 1149 1169 1203 et
1188 1141 1235 1205 vel

135 1237 221 1298 ¹sicut
232 1244 264 1298 et
276 1232 396 1318 saepius
412 1230 595 1299 Ciceronem
611 1235 728 1300 dixisse
742 1248 831 1320 atque
845 1237 919 1300 haee
933 1237 999 1320 ipsa
1015 1241 1235 1325 exemplorum

136 1335 271 1421 paucitas
290 1336 507 1401 dubitationem
527 1348 640 1402 movet.
670 1338 753 1422 atqui
774 1338 807 1401 in
822 1338 991 1424 posteriore
1006 1339 1078 1403 loco
1097 1344 1236 1427 optimus

135 1438 214 1503 liber
220 1437 403 1503 Turieeusis
419 1460 480 1502 nou
494 1441 579 1502 sicin
591 1450 624 1503 et
633 1440 735 1519 habet,
756 1442 811 1504 sed
824 1443 928 1505 sicuti.
953 1462 1048 1524 quare
1062 1446 1237 1531 utrobique

135 1543 248 1605 maudei
265 1540 409 1622 scriptum
430 1539 528 1602 fuisse
550 1540 704 1604 existimo.
750 1543 852 1606 rarius
873 1565 961 1627 quam
987 1543 1057 1626 quis
1081 1548 1238 1630 opinetur

134 1640 267 1725 priscum
283 1637 358 1702 illud
384 1641 416 1702 ei
433 1639 466 1702 iu
492 1639 625 1723 antiquis
648 1639 810 1707 Ciceronis
831 1644 976 1709 librorum
998 1649 1236 1732 exemplaribus

134 1751 270 1825 apparet,
292 1740 389 1805 veluti
410 1741 443 1805 in
463 1741 510 1806 rei
531 1742 668 1826 publicae
689 1744 791 1836 codice
812 1768 971 1830 nusquam.
997 1748 1053 1810 sed
1070 1769 1173 1835 saepe
1190 1765 1234 1819 ta·

134 1863 205 1907 men
224 1863 351 1908 numero
372 1843 528 1910 invenitur
548 1844 580 1908 in
595 1846 790 1932 palimpsesto
804 1848 881 1912 libro
897 1848 1069 1912 orationum
1080 1849 1233 1920 Niebuh-

134 1945 233 2026 riano,
257 1949 470 2013 enemtumore
484 1949 875 2035 eeeistnmespeblicenee's
886 1952 996 2035 stertei
1013 1953 1073 2014 ion
1093 1955 1145 2018 dee·
1163 1958 1228 2024 dei-

134 2059 191 2114 eet
205 2051 298 2134 cegct'
315 2051 391 2112 atei
408 2053 456 2113 sei
475 2053 575 2114 netet's
591 2051 786 2115 demeetz'cet‘s
800 2053 956 2116 lnbee‘do'ne
973 2054 1037 2115 see'c
1050 2061 1222 2141 suspeimb.

134 2161 196 2214 tum
211 2148 290 2230 quod
302 2147 335 2209 iu
342 2146 507 2213 Vatiniana
522 2151 671 2228 oratioue,
688 2159 727 2216 14
742 2154 826 2236 (33),
841 2151 1036 2217 Erfurtensis
1053 2159 1154 2222 codex
1167 2161 1217 2223 ba·

134 2251 186 2315 bet
206 2270 288 2313 nnnc
306 2247 430 2313 videtur
451 2250 546 2315 luisse
567 2255 672 2327 aenei,
703 2263 735 2316 et
754 2275 852 2340 neque
871 2255 950 2338 quod
972 2254 1063 2319 habet
1087 2263 1213 2342 14(44)

133 2354 254 2439 napaei,
279 2363 311 2417 et
324 2353 402 2437 quod
416 2376 462 2421 or.
480 2375 534 2440 pro
550 2354 590 2418 Α.
608 2351 774 2422 Caecina8
790 2360 861 2444 (22)
882 2358 993 2421 meieni
1006 2359 1217 2443 scriptumest

133 2457 165 2522 iu
181 2457 286 2520 eodem
300 2456 417 2537 oodioe,
440 2459 603 2524 invenerat
616 2458 760 2526 librarius
776 2464 898 2527 erneisi.
922 2459 1050 2543 denique
1065 2461 1098 2525 iu
1116 2467 1224 2533 eadem

134 2558 271 2623 emtione
286 2565 325 2622 ld
347 2561 419 2640 (40)
440 2562 523 2625 deici
535 2562 680 2646 seriptum
694 2572 742 2625 est
756 2562 787 2625 in
802 2564 905 2626 codiee
927 2563 1122 2646 palimpsesto
1137 2566 1226 2635 Tan-

132 2680 261 2726 renense.

645 2917 699 2990 Vl

133 3062 257 3129 Sublato
286 3064 373 3126 unico
400 3067 477 3145 quod
502 3067 534 3127 in
564 3068 713 3129 codicibus
747 3076 812 3127 erat
845 3075 876 3123 et
911 3061 1045 3123 licentius
1080 3059 1219 3123 collocati

133 3164 269 3252 exemplo
288 3161 431 3245 reliquum
450 3171 497 3223 est
516 3171 550 3224 ut
565 3151 629 3243 quis
648 3163 727 3223 dieat
739 3177 834 3239 neque
849 3155 971 3218 consilio
986 3170 1080 3233 neque
1095 3162 1218 3235 propter

132 3290 317 3336 communem
336 3266 462 3352 aliquam
482 3264 534 3330 illa
552 3273 648 3328 neate
669 3259 784 3326 decadi
803 3256 1043 3322 consuetudinem
1067 3252 1216 3321 Catullum

132 3373 169 3436 ab
191 3372 247 3434 hae
266 3369 480 3435 coniunctionis
501 3367 693 3431 collocatione
715 3361 911 3440 abstinuisse,
936 3361 989 3425 sed
1010 3380 1082 3423 casu
1102 3358 1166 3422 fieri
1184 3371 1218 3423 ut

133 3471 243 3536 nullum
257 3471 289 3531 in
302 3471 365 3532 eius
380 3467 557 3538 carminibus
573 3467 740 3549 exemplum
754 3465 940 3528 inveniatur:
966 3483 1130 3546 quanquam
1151 3460 1217 3526 eius

131 3571 212 3638 medi
231 3591 332 3636 mum
350 3569 415 3633 iure
433 3567 542 3632 mirere
563 3565 595 3630 in
616 3565 681 3651 plus
703 3590 790 3651 pam
808 3566 921 3631 duobus
934 3587 1073 3632 versuum
1085 3563 1214 3627 milibus.

132 3697 189 3760 ego
203 3695 276 3739 vere
295 3673 449 3758 diligenter
461 3669 669 3754 investigando
682 3672 766 3750 satis,
791 3680 824 3733 ut
843 3669 970 3747 videtur,
993 3668 1147 3750 explorate
1166 3686 1217 3728 eo-

132 3776 225 3862 gnovi
244 3777 424 3859 antiquiores
447 3783 550 3858 poetas
570 3772 696 3838 Latinos
720 3777 802 3857 (uam
817 3773 853 3834 de
866 3768 1056 3854 scriptoribus
1070 3767 1220 3832 sufficiunt

132 3899 207 3965 quae
220 3875 354 3941 Handius
366 3873 547 3940 dixitllns.
567 3883 596 3953 1,
613 3878 686 3940 512.
711 3883 743 3951 2,
771 3880 843 3950 538,
868 3883 983 3956 sumpta
1003 3871 1054 3933 illa
1074 3870 1177 3954 partim
1198 3892 1218 3932 a

132 3979 340 4048 Ruddimanne
355 3986 385 4055 l,
407 3981 485 4055 324)
508 3977 745 4041 coniunctionum
766 3973 995 4059 copulativamm
1013 3972 1218 4036 traiectionem

132 4106 192 4149 uon
204 4081 301 4146 miuus
316 4101 404 4164 pam
420 4076 568 4147 Catullum
591 4079 746 4161 ignorasse
767 4077 889 4162 ipsaque
911 4072 1019 4143 Catulli
1039 4084 1135 4139 aetate
1158 4072 1218 4155 pri-

132 4206 210 4251 mum
233 4204 299 4248 eam
322 4180 494 4268 apparuisse
514 4191 545 4244 et
566 4201 647 4244 rare.
685 4180 783 4263 itaque
802 4180 880 4243 bunc
906 4178 1000 4245 lecum
1023 4173 1220 4260 disputatione

133 4305 304 4374 persequar.
