2746 4950
657 262 703 335 Ἀ

140 462 236 526 neque
252 437 355 506 Latini
373 437 600 524 ltom‘dr‘lesque
619 439 802 523 eramusque
818 436 1000 504 Bn‘tcrntos.
1024 439 1085 504 alia
1101 460 1156 506 res
1179 457 1233 510 est

139 543 190 609 ulti
204 553 358 625 utrumque
370 541 546 605 adientivnm
553 540 591 604 ad
603 539 808 626 appellativum
820 559 928 603 nomeu
935 549 1072 604 accunte
1078 541 1230 610 delinien-

139 646 208 710 dum
220 645 357 730 pertinet,
381 663 423 707 ex
437 665 494 726 quo
509 662 620 727 genere
634 652 681 706 est
695 641 772 725 quod
781 638 930 706 Martialis
947 642 1024 705 dixit
1039 649 1071 721 3,
1090 651 1147 722 2⁷,
1173 649 1231 713 At

139 759 206 824 tua,
231 746 371 824 Cosconi,
395 743 814 830 ommandcqceaunctnque
835 743 978 809 oerbcA
987 746 1098 830 poeni
1109 745 1230 814 deberat

138 844 375 934 vigentesque
394 847 472 932 logi.
497 855 584 928 atque
604 845 724 908 omnino
739 843 860 909 minime
881 845 1003 930 elegans
1021 857 1101 909 esset
1115 847 1231 916 horum

138 948 350 1013 adiectivornm
372 948 559 1025 coniunctio,
583 968 707 1030 quornm
729 946 809 1031 prius
831 947 868 1011 ad
893 968 1007 1010 morum
1035 949 1229 1017 ferocitatem

138 1060 262 1135 spectat,
287 1049 411 1114 alterum
424 1049 556 1132 regionis
579 1048 822 1132 longinquitatem
840 1048 990 1113 describit.
1013 1070 1083 1112 nam
1101 1050 1133 1113 in
1154 1065 1230 1138 apte

137 1151 307 1237 copulandis
322 1149 475 1214 adiectivis
490 1159 608 1213 veteres
621 1161 726 1233 poetae
738 1148 840 1228 Latini
851 1151 942 1213 multo
956 1162 1042 1214 erant
1055 1153 1230 1237 diligentio-

137 1273 186 1318 res
200 1273 287 1336 quam
300 1251 416 1336 qnidam
429 1251 550 1316 credere
560 1251 701 1316 videntur
710 1251 901 1335 interpretes.
923 1251 1009 1314 verbi
1024 1256 1160 1319 causain
1178 1260 1230 1324 eis

137 1374 213 1440 quae
227 1355 304 1439 apud
319 1352 487 1432 Horatium,
512 1375 606 1419 earm.
622 1361 654 1432 3,
669 1361 701 1432 3,
720 1361 759 1420 18
773 1373 830 1431 ss,
853 1350 928 1416 luno
943 1353 1098 1436 eloquitur,
1122 1359 1228 1440 lton,

136 1456 218 1522 Ilion
230 1455 356 1521 Fatale}
368 1459 565 1540 incestusque
579 1457 679 1519 eisdem
690 1456 736 1519 Et
751 1457 865 1520 mulier
875 1460 1053 1542 peregrina
1072 1463 1169 1524 oeru't
1183 1464 1230 1529 In

133 1559 303 1644 pulverent,
328 1567 408 1618 certe
423 1555 549 1618 dubitari
561 1566 659 1639 potest
671 1557 855 1621 rettuleritne
870 1568 958 1641 poeta
976 1558 1074 1623 fatalis
1088 1563 1229 1629 vocabu-

135 1659 196 1722 lum
210 1658 249 1721 ad
262 1678 352 1720 unum
358 1655 495 1721 Paridem
508 1658 551 1720 ita
564 1667 598 1720 ut
611 1677 677 1721 enm
691 1658 802 1741 pariter
813 1659 924 1724 diceret
932 1660 1050 1725 fatalem
1059 1661 1240 1730 incestum--

136 1781 205 1844 que,
229 1781 280 1838 an,
297 1758 435 1843 quoniam
446 1760 570 1823 alterum
585 1758 760 1822 adiectivnm
775 1781 842 1823 eum
856 1761 949 1825 altero
963 1782 1023 1826 non
1034 1761 1118 1825 nimis
1127 1785 1227 1831 aecn-

134 1872 200 1928 rate
215 1861 362 1946 congruit,
379 1862 477 1926 fatalis
489 1861 644 1947 appellatio
659 1861 748 1926 etiam
757 1863 795 1927 ad
802 1861 959 1943 Helenam,
976 1882 1049 1948 quae
1060 1863 1097 1927 ad
1103 1862 1225 1933 'l'roiae

135 1964 284 2031 excidium
297 1986 358 2028 non
371 1964 467 2028 minus
475 1985 562 2047 quam
577 1964 692 2027 adulter
703 1985 722 2027 a
733 1966 794 2028 lato
810 1966 956 2028 destinata
968 1975 1043 2043 erat,
1051 1966 1201 2051 pertineat
1212 1999 1223 2036 ε

135 2090 196 2132 non
211 2067 309 2131 obstat
322 2066 427 2128 saltem
441 2065 599 2148 singularis
612 2065 750 2128 vocabuli
767 2086 925 2143 numerus,
949 2089 1017 2131 eum
1039 2069 1142 2133 eodem
1164 2092 1222 2136 nu-

134 2189 217 2233 mero
230 2165 308 2248 quod
321 2165 454 2248 sequitur
466 2167 563 2228 vertit
575 2165 682 2228 dictum
696 2164 745 2228 sit.

218 2264 334 2331 Tamen
348 2265 436 2330 tertio
449 2286 563 2349 qnoque
579 2265 657 2347 quod
668 2263 736 2329 Itali
749 2267 995 2350 excogitaverunt
1005 2274 1219 2356 complemento

134 2371 207 2435 nihil
220 2379 339 2456 praeter
352 2369 462 2434 hiatum
476 2367 660 2432 emendatur.
684 2369 802 2432 inerunt
821 2369 899 2433 enim
919 2369 1026 2454 quisic
1040 2376 1213 2455 scriberent,

137 2473 292 2541 Gallicum
313 2471 453 2536 Rhenum
473 2470 700 2554 horribilesque
724 2473 755 2534 in
775 2473 959 2556 ultimosque
976 2475 1160 2542 Britannos.
1189 2479 1220 2543 id

134 2573 241 2658 duplici
254 2569 342 2634 modo
358 2571 500 2653 explicari
513 2578 622 2651 potest.
638 2579 689 2630 aut
698 2569 776 2630 enim
787 2581 866 2631 totus
881 2572 929 2632 hic
942 2577 1106 2642 versiculus
1121 2601 1138 2643 e
1150 2558 1220 2663 gra-

133 2673 232 2741 diendi
245 2671 338 2736 verbo
350 2690 511 2755 suspensus
525 2679 571 2729 est
583 2677 634 2729 aut
647 2667 850 2750 interpositum
863 2691 931 2736 esse
943 2679 1127 2745 censebimus
1134 2679 1220 2745 Rhe·

134 2798 203 2840 num
216 2777 260 2837 ita
273 2783 307 2835 nt
320 2773 384 2835 eius
400 2767 638 2832 commemoratio
652 2768 858 2852 coniungenda
873 2774 912 2838 sit
933 2800 998 2843 cnm
1017 2783 1217 2846 antecedenti-

133 2878 187 2942 bus
200 2872 302 2939 verhis
319 2869 466 2934 Caesaris
477 2869 580 2932 visens
594 2882 788 2936 monumento
798 2882 919 2962 magni,
934 2887 1099 2968 separanda
1114 2907 1132 2946 a
1147 2881 1214 2947 Bri.

132 2991 290 3044 tannorum
306 2969 514 3053 descriptione.
536 2971 617 3056 prius
631 2972 658 3035 si
675 2974 803 3056 probas,
826 2983 963 3063 quioniam
983 2988 1016 3046 in
1034 2985 1213 3063 praepositio

133 3100 170 3145 ea
185 3073 299 3141 dicendi
311 3073 406 3156 figura
424 3093 510 3155 quam
530 3070 589 3138 ἀπὸ
604 3079 708 3138 κοινοῦ
726 3080 903 3165 appellamus
924 3083 960 3142 ad
978 3082 1084 3140 flumen
1103 3079 1210 3139 referri

133 3178 251 3264 nequit,
276 3174 504 3240 existimandum
529 3175 586 3239 erit
605 3174 706 3241 Rheni
733 3202 840 3268 nomen
859 3201 924 3244 oum
945 3177 1098 3263 gradendi
1117 3177 1211 3242 verbo

133 3281 212 3348 nulla
225 3278 323 3344 addita
335 3277 553 3365 praepositione
567 3280 754 3347 coniunctum
764 3303 832 3349 esse
847 3304 883 3347 ea
891 3281 1007 3347 ratione
1020 3303 1078 3365 qua
1090 3302 1212 3345 aecusa—
1270 3351 1275 3359 ,

131 3384 224 3449 tivum
241 3402 343 3446 casum
357 3382 445 3445 eundi
458 3381 551 3444 verita
563 3395 682 3470 propter
696 3386 939 3468 significationem
954 3385 1017 3447 eius
1025 3393 1112 3465 atque
1127 3393 1212 3447 natu·

131 3507 197 3551 ram
214 3482 292 3548 haud
303 3501 373 3545 raro
386 3482 545 3545 asciscunt.
568 3504 672 3550 verum
684 3486 727 3549 sic
741 3487 941 3549 conformatae
959 3485 1101 3550 orationis
1116 3486 1213 3567 aliqua

132 3598 213 3654 osset
224 3580 395 3651 insolentia.
418 3603 486 3646 nam
502 3584 539 3647 ad
553 3585 703 3652 fluminum
716 3585 848 3667 nomina,
873 3599 905 3652 ut
925 3610 979 3673 par
998 3607 1066 3654 esse
1082 3586 1210 3661 videtur,

133 3690 249 3755 additur
263 3685 309 3751 cd
318 3685 507 3768 praepositio.
531 3691 608 3772 quod
622 3690 715 3756 semel
726 3701 840 3755 tantum
855 3691 1019 3771 neglectum
1038 3681 1169 3761 memini,
1194 3708 1212 3748 a

131 3787 261 3874 Virgilio
287 3807 354 3849 oum
374 3785 449 3851 dixit
469 3790 525 3854 eol.
552 3800 582 3868 l,
609 3796 657 3855 66¹
672 3813 699 3853 s.
729 3791 811 3852 Pars
832 3785 990 3868 Scythium
1012 3795 1045 3847 et
1068 3787 1213 3869 rapidum

134 3890 248 3961 Cretae
259 3890 413 3956 veniemus
426 3891 535 3958 Oaxen
547 3892 593 3958 Et
600 3891 729 3977 penitus
743 3895 806 3949 toto
820 3885 934 3949 dcirco
947 3885 1021 3950 orbe
1028 3885 1211 3954 Britannos.

132 3995 185 4061 sed
199 4002 233 4056 ut
247 3990 302 4055 hoc
316 3991 436 4059 missum
452 3996 570 4070 faciam,
594 3999 748 4075 postquam
768 3986 845 4051 dirit
862 3985 995 4053 Catullus
1010 3988 1156 4054 Caesaris
1169 3997 1214 4055 ιιι·-

123 4092 203 4161 ἰοιιι
219 4107 413 4161 monumento
425 4097 548 4180 ιιιιιςιιί,
570 4088 782 4174 appositionem
798 4091 936 4173 aliquam,
960 4112 1045 4174 quam
1065 4112 1213 4174 gramma-

23 4236 26 4243 «
132 4195 182 4262 liei
198 4196 353 4280 appellant,
369 4196 515 4261 adiectum
529 4191 566 4254 iri
580 4191 713 4274 quisque,
731 4193 847 4277 opinor,
870 4213 924 4256 sna
937 4203 1041 4276 sponte
1059 4203 1211 4276 expectat.

132 4298 230 4381 itaque
244 4297 300 4362 hoe
310 4300 405 4383 ipsum
419 4298 547 4361 tortasse
559 4293 654 4362 voluit
668 4294 716 4381 qni
735 4289 794 4361 isto
815 4295 903 4360 modo
918 4315 1039 4360 versum
1062 4295 1211 4378 explevit:

1294 718 1298 820 l
